[
  {
    "category":"meat",
    "product_name":"Thin-Sliced Beef Short Plate Roll for Hot Pot 1 lb",
    "price":8.88,
    "unit_price":"nan",
    "sales_count":null,
    "image_url":"https:\/\/img08.weeecdn.net\/product\/image\/645\/188\/3FF6B48D5F508D2F.png!c560x560_q80.auto",
    "source_url":"https:\/\/www.sayweee.com\/en\/category\/meat"
  },
  {
    "category":"meat",
    "product_name":"Sliced Lamb Shoulder Rolls for Hot Pot Frozen 1 lb",
    "price":13.48,
    "unit_price":"nan",
    "sales_count":null,
    "image_url":"https:\/\/img08.weeecdn.net\/product\/image\/742\/146\/4EB998520335A4B1.png!c560x560_q80.auto",
    "source_url":"https:\/\/www.sayweee.com\/en\/category\/meat"
  },
  {
    "category":"meat",
    "product_name":"Thin Sliced Pork Belly Roll, Skinless, Frozen 1 lb",
    "price":8.49,
    "unit_price":"nan",
    "sales_count":null,
    "image_url":"https:\/\/img08.weeecdn.net\/product\/image\/569\/649\/6AC1D643BA485060.png!c560x560_q80.auto",
    "source_url":"https:\/\/www.sayweee.com\/en\/category\/meat"
  },
  {
    "category":"meat",
    "product_name":"Sliced Beef Chuck for Stir Fry  4mm 2 lb",
    "price":15.99,
    "unit_price":"$7.99\/lb",
    "sales_count":500.0,
    "image_url":"https:\/\/img08.weeecdn.net\/product\/image\/297\/080\/102BF22571833630.jpeg!c560x560_q80.auto",
    "source_url":"https:\/\/www.sayweee.com\/en\/category\/meat"
  },
  {
    "category":"meat",
    "product_name":"Beef Ribeye Sliced Roll, Frozen 1 lb",
    "price":14.99,
    "unit_price":"nan",
    "sales_count":null,
    "image_url":"https:\/\/img08.weeecdn.net\/product\/image\/938\/658\/58F8EB1FD2358EEA.png!c560x560_q80.auto",
    "source_url":"https:\/\/www.sayweee.com\/en\/category\/meat"
  },
  {
    "category":"meat",
    "product_name":"Beef Brisket Sliced Roll 1 lb",
    "price":8.99,
    "unit_price":"nan",
    "sales_count":null,
    "image_url":"https:\/\/img08.weeecdn.net\/product\/image\/839\/427\/6DB09BAAF43593E3.jpeg!c560x560_q80.auto",
    "source_url":"https:\/\/www.sayweee.com\/en\/category\/meat"
  },
  {
    "category":"meat",
    "product_name":"Thin Sliced Beef Short Plate for Hot Pot, Frozen 1.5 lb",
    "price":18.99,
    "unit_price":"$12.66\/lb",
    "sales_count":null,
    "image_url":"https:\/\/img08.weeecdn.net\/product\/image\/773\/012\/49EA6436D8A09B32.png!c560x560_q80.auto",
    "source_url":"https:\/\/www.sayweee.com\/en\/category\/meat"
  },
  {
    "category":"meat",
    "product_name":"Sliced Beef Short Plate for Hot Pot, Frozen 1 lb",
    "price":11.99,
    "unit_price":"nan",
    "sales_count":null,
    "image_url":"https:\/\/img08.weeecdn.net\/product\/image\/637\/340\/715C7325B541E882.png!c560x560_q80.auto",
    "source_url":"https:\/\/www.sayweee.com\/en\/category\/meat"
  },
  {
    "category":"meat",
    "product_name":"Boneless & Skinless Chicken Thighs Frozen 1.5 lb",
    "price":5.39,
    "unit_price":"$3.59\/lb",
    "sales_count":null,
    "image_url":"https:\/\/img08.weeecdn.net\/product\/image\/208\/525\/802D4813AE6390A.png!c560x560_q80.auto",
    "source_url":"https:\/\/www.sayweee.com\/en\/category\/meat"
  },
  {
    "category":"meat",
    "product_name":"Swift Boneless Beef Round Heel Muscle, Frozen 1.5-1.8 lb",
    "price":16.49,
    "unit_price":"$9.99\/lb",
    "sales_count":null,
    "image_url":"https:\/\/img08.weeecdn.net\/product\/image\/865\/680\/33335496D80E0665.png!c560x560_q80.auto",
    "source_url":"https:\/\/www.sayweee.com\/en\/category\/meat"
  },
  {
    "category":"meat",
    "product_name":"Ground Pork, Frozen 1 lb",
    "price":3.99,
    "unit_price":"nan",
    "sales_count":null,
    "image_url":"https:\/\/img08.weeecdn.net\/product\/image\/247\/229\/2A499A1BE1051816.png!c560x560_q80.auto",
    "source_url":"https:\/\/www.sayweee.com\/en\/category\/meat"
  },
  {
    "category":"meat",
    "product_name":"Pork Belly Skin On, Boneless, Frozen 2 lb",
    "price":11.99,
    "unit_price":"$5.99\/lb",
    "sales_count":1.0,
    "image_url":"https:\/\/img08.weeecdn.net\/product\/image\/366\/688\/691D6A14D53CD49.jpeg!c560x560_q80.auto",
    "source_url":"https:\/\/www.sayweee.com\/en\/category\/meat"
  },
  {
    "category":"meat",
    "product_name":"USDA Prime Premium Beef Chuck Roll For Shabu-Shabu 12 oz",
    "price":14.49,
    "unit_price":"$19.32\/lb",
    "sales_count":1.0,
    "image_url":"https:\/\/img08.weeecdn.net\/product\/image\/361\/380\/7CCF03A38A54FB38.png!c560x560_q80.auto",
    "source_url":"https:\/\/www.sayweee.com\/en\/category\/meat"
  },
  {
    "category":"meat",
    "product_name":"KamYenJan Chinese Sausages 12 oz",
    "price":6.99,
    "unit_price":"$0.58\/oz",
    "sales_count":null,
    "image_url":"https:\/\/img08.weeecdn.net\/product\/image\/877\/624\/4E3B06449505DEBE.png!c560x560_q80.auto",
    "source_url":"https:\/\/www.sayweee.com\/en\/category\/meat"
  },
  {
    "category":"meat",
    "product_name":"Premium Selection Berkshire Ground Pork, Frozen 1 lb",
    "price":7.99,
    "unit_price":"nan",
    "sales_count":null,
    "image_url":"https:\/\/img08.weeecdn.net\/product\/image\/251\/119\/1C7260B6CA96DD95.png!c560x560_q80.auto",
    "source_url":"https:\/\/www.sayweee.com\/en\/category\/meat"
  },
  {
    "category":"meat",
    "product_name":"Wei-Chuan Chinese Beef and Tendon Balls, Frozen 8 oz",
    "price":5.29,
    "unit_price":"$0.66\/oz",
    "sales_count":null,
    "image_url":"https:\/\/img08.weeecdn.net\/item\/image\/994\/222\/263A3D183A2BB11.jpg!c560x560_q80.auto",
    "source_url":"https:\/\/www.sayweee.com\/en\/category\/meat"
  },
  {
    "category":"meat",
    "product_name":"Culver All Natural Whole Duck, Head\/Feet off, Premium Quality, Frozen 4.5-5.5 lb",
    "price":16.99,
    "unit_price":"$3.39\/lb",
    "sales_count":null,
    "image_url":"https:\/\/img08.weeecdn.net\/product\/image\/972\/638\/62804D97AACBEB7E.png!c560x560_q80.auto",
    "source_url":"https:\/\/www.sayweee.com\/en\/category\/meat"
  },
  {
    "category":"meat",
    "product_name":"Sliced Spare Rib with Soft Bone, End Cuts 2 lb",
    "price":9.99,
    "unit_price":"$4.99\/lb",
    "sales_count":null,
    "image_url":"https:\/\/img08.weeecdn.net\/product\/image\/504\/885\/4E87C5DE9A313166.png!c560x560_q80.auto",
    "source_url":"https:\/\/www.sayweee.com\/en\/category\/meat"
  },
  {
    "category":"meat",
    "product_name":"Pampanga Chorizo de Cebu 12 oz",
    "price":3.89,
    "unit_price":"$0.32\/oz",
    "sales_count":1.0,
    "image_url":"https:\/\/img08.weeecdn.net\/product\/image\/797\/366\/5754E548312690F1.png!c560x560_q80.auto",
    "source_url":"https:\/\/www.sayweee.com\/en\/category\/meat"
  },
  {
    "category":"meat",
    "product_name":"Pork Belly Cubes, Skin-on, Frozen 1.5 lb",
    "price":7.79,
    "unit_price":"$5.19\/lb",
    "sales_count":1.0,
    "image_url":"https:\/\/img08.weeecdn.net\/product\/image\/768\/287\/356875299E8DD1AD.png!c560x560_q80.auto",
    "source_url":"https:\/\/www.sayweee.com\/en\/category\/meat"
  },
  {
    "category":"meat",
    "product_name":"Que Huong Beef Tendon Meatballs 11 oz",
    "price":4.88,
    "unit_price":"$0.44\/oz",
    "sales_count":null,
    "image_url":"https:\/\/img08.weeecdn.net\/product\/image\/397\/771\/680CE3E7F5FB7751.png!c560x560_q80.auto",
    "source_url":"https:\/\/www.sayweee.com\/en\/category\/meat"
  },
  {
    "category":"meat",
    "product_name":"Chicken Mid Joint Wing, Frozen 2 lb",
    "price":12.99,
    "unit_price":"$6.49\/lb",
    "sales_count":null,
    "image_url":"https:\/\/img08.weeecdn.net\/product\/image\/969\/111\/58E91A8EFC44A4C.png!c560x560_q80.auto",
    "source_url":"https:\/\/www.sayweee.com\/en\/category\/meat"
  },
  {
    "category":"meat",
    "product_name":"Maple Leaf All Natural Grade A Whole Duck, Head and Feet off frozen 3-4 lb",
    "price":15.99,
    "unit_price":"$4.56\/lb",
    "sales_count":1.0,
    "image_url":"https:\/\/img08.weeecdn.net\/product\/image\/905\/906\/420A3ADE9F003BDC.png!c560x560_q80.auto",
    "source_url":"https:\/\/www.sayweee.com\/en\/category\/meat"
  },
  {
    "category":"meat",
    "product_name":"Martin Purefoods Skinless Sweet Pork Longanisa Frozen 16 oz",
    "price":4.49,
    "unit_price":"$0.28\/oz",
    "sales_count":1.0,
    "image_url":"https:\/\/img08.weeecdn.net\/product\/image\/154\/009\/505A601F1137EB6D.png!c560x560_q80.auto",
    "source_url":"https:\/\/www.sayweee.com\/en\/category\/meat"
  },
  {
    "category":"meat",
    "product_name":"Marinated Beef Bulgogi 1 lb",
    "price":7.99,
    "unit_price":"nan",
    "sales_count":1.0,
    "image_url":"https:\/\/img08.weeecdn.net\/product\/image\/745\/013\/74AD581CAC063F47.png!c560x560_q80.auto",
    "source_url":"https:\/\/www.sayweee.com\/en\/category\/meat"
  },
  {
    "category":"meat",
    "product_name":"Diced Pork Spare Ribs, Frozen 2 lb",
    "price":12.49,
    "unit_price":"$6.24\/lb",
    "sales_count":1.0,
    "image_url":"https:\/\/img08.weeecdn.net\/product\/image\/654\/329\/4619CC11243382A3.png!c560x560_q80.auto",
    "source_url":"https:\/\/www.sayweee.com\/en\/category\/meat"
  },
  {
    "category":"meat",
    "product_name":"Pampanga Pork Tocino, Frozen 12 oz",
    "price":3.88,
    "unit_price":"$0.32\/oz",
    "sales_count":1.0,
    "image_url":"https:\/\/img08.weeecdn.net\/product\/image\/976\/470\/3819575B617DFC7F.jpeg!c560x560_q80.auto",
    "source_url":"https:\/\/www.sayweee.com\/en\/category\/meat"
  },
  {
    "category":"meat",
    "product_name":"Pork Belly Skin On, Boneless,Frozen 1.5 lb",
    "price":7.79,
    "unit_price":"$5.19\/lb",
    "sales_count":700.0,
    "image_url":"https:\/\/img08.weeecdn.net\/product\/image\/719\/354\/2222F0074E403892.png!c560x560_q80.auto",
    "source_url":"https:\/\/www.sayweee.com\/en\/category\/meat"
  },
  {
    "category":"meat",
    "product_name":"Wagyu Beef Sliced for Stir-Fry, Frozen (Kiriotoshi) 8 oz",
    "price":10.99,
    "unit_price":"$21.98\/lb",
    "sales_count":900.0,
    "image_url":"https:\/\/img08.weeecdn.net\/product\/image\/542\/744\/3D38B53D288ABD7.png!c560x560_q80.auto",
    "source_url":"https:\/\/www.sayweee.com\/en\/category\/meat"
  },
  {
    "category":"meat",
    "product_name":"Prime Food Taiwanese Cured Pork Patty Links, Frozen 284 g",
    "price":7.49,
    "unit_price":"$0.74\/oz",
    "sales_count":null,
    "image_url":"https:\/\/img08.weeecdn.net\/product\/image\/792\/138\/74B3C2A4CEBA74F9.png!c560x560_q80.auto",
    "source_url":"https:\/\/www.sayweee.com\/en\/category\/meat"
  },
  {
    "category":"meat",
    "product_name":"Vi Huong Pork Meat Loaf 12 oz",
    "price":5.79,
    "unit_price":"$0.48\/oz",
    "sales_count":1.0,
    "image_url":"https:\/\/img08.weeecdn.net\/product\/image\/167\/851\/6BCDAEE9D9692407.png!c560x560_q80.auto",
    "source_url":"https:\/\/www.sayweee.com\/en\/category\/meat"
  },
  {
    "category":"meat",
    "product_name":"Chicken Knee Softbones, Frozen 2 lb",
    "price":11.99,
    "unit_price":"$5.99\/lb",
    "sales_count":null,
    "image_url":"https:\/\/img08.weeecdn.net\/item\/image\/138\/472\/35820F9418329BF.jpg!c560x560_q80.auto",
    "source_url":"https:\/\/www.sayweee.com\/en\/category\/meat"
  },
  {
    "category":"meat",
    "product_name":"Sliced Beef Chuck Roll for Hot Pot, Frozen 1 lb",
    "price":12.49,
    "unit_price":"nan",
    "sales_count":900.0,
    "image_url":"https:\/\/img08.weeecdn.net\/product\/image\/312\/940\/7FC13254B92BC318.png!c560x560_q80.auto",
    "source_url":"https:\/\/www.sayweee.com\/en\/category\/meat"
  },
  {
    "category":"meat",
    "product_name":"Martin Purefoods Sweet Pork Longanisa Frozen 341 g",
    "price":4.49,
    "unit_price":"$0.37\/oz",
    "sales_count":900.0,
    "image_url":"https:\/\/img08.weeecdn.net\/product\/image\/353\/405\/2D3732BC99AFFD50.png!c560x560_q80.auto",
    "source_url":"https:\/\/www.sayweee.com\/en\/category\/meat"
  },
  {
    "category":"meat",
    "product_name":"Kerven & Prits Lola Carmen Ready to Eat Fertilized Duck Egg 1 count",
    "price":7.29,
    "unit_price":"nan",
    "sales_count":400.0,
    "image_url":"https:\/\/img08.weeecdn.net\/product\/image\/190\/517\/241D6DC73AF11A0A.png!c560x560_q80.auto",
    "source_url":"https:\/\/www.sayweee.com\/en\/category\/meat"
  },
  {
    "category":"meat",
    "product_name":"Gold Medal Cebuchon (Pork Belly Rolled With Mild Spices) 4.5-5 lb",
    "price":36.99,
    "unit_price":"$0.48\/oz",
    "sales_count":400.0,
    "image_url":"https:\/\/img08.weeecdn.net\/product\/image\/779\/855\/6AA16AF10C1F5848.png!c560x560_q80.auto",
    "source_url":"https:\/\/www.sayweee.com\/en\/category\/meat"
  },
  {
    "category":"meat",
    "product_name":"Sakura Ground Pork, Frozen 1 lb",
    "price":5.99,
    "unit_price":"nan",
    "sales_count":null,
    "image_url":"https:\/\/img08.weeecdn.net\/product\/image\/112\/476\/44D00770C9EDC99A.png!c560x560_q80.auto",
    "source_url":"https:\/\/www.sayweee.com\/en\/category\/meat"
  },
  {
    "category":"meat",
    "product_name":"Culver Duck Breast Meat 7 oz",
    "price":4.99,
    "unit_price":"$11.34\/lb",
    "sales_count":1.0,
    "image_url":"https:\/\/img08.weeecdn.net\/product\/image\/050\/216\/1868501552DECC06.png!c560x560_q80.auto",
    "source_url":"https:\/\/www.sayweee.com\/en\/category\/meat"
  },
  {
    "category":"meat",
    "product_name":"Cut Pork Feet, Frozen 2 lb",
    "price":5.99,
    "unit_price":"$2.99\/lb",
    "sales_count":1.0,
    "image_url":"https:\/\/img08.weeecdn.net\/product\/image\/231\/385\/1CC3E4F418DB37B2.png!c560x560_q80.auto",
    "source_url":"https:\/\/www.sayweee.com\/en\/category\/meat"
  },
  {
    "category":"meat",
    "product_name":"Martin Purefoods Hotdogs Frozen 341 g",
    "price":4.99,
    "unit_price":"$0.41\/oz",
    "sales_count":800.0,
    "image_url":"https:\/\/img08.weeecdn.net\/product\/image\/245\/287\/1A32F3CCDF1EA0F0.png!c560x560_q80.auto",
    "source_url":"https:\/\/www.sayweee.com\/en\/category\/meat"
  },
  {
    "category":"meat",
    "product_name":"Pork Spare Rib Strips 2 lb",
    "price":9.99,
    "unit_price":"$4.99\/lb",
    "sales_count":null,
    "image_url":"https:\/\/img08.weeecdn.net\/product\/image\/560\/271\/57F80B3E4737E226.png!c560x560_q80.auto",
    "source_url":"https:\/\/www.sayweee.com\/en\/category\/meat"
  },
  {
    "category":"meat",
    "product_name":"Sliced Lamb Leg for Hot Pot Frozen 1 lb",
    "price":12.99,
    "unit_price":"nan",
    "sales_count":null,
    "image_url":"https:\/\/img08.weeecdn.net\/description\/image\/011\/082\/788F336970AB629C.png!c560x560_q80.auto",
    "source_url":"https:\/\/www.sayweee.com\/en\/category\/meat"
  },
  {
    "category":"meat",
    "product_name":"Frozen Beef Tendon 1.5 lb",
    "price":14.49,
    "unit_price":"$9.66\/lb",
    "sales_count":1.0,
    "image_url":"https:\/\/img08.weeecdn.net\/product\/image\/888\/941\/72AF1B6CE2C9DB54.png!c560x560_q80.auto",
    "source_url":"https:\/\/www.sayweee.com\/en\/category\/meat"
  },
  {
    "category":"meat",
    "product_name":"Thin Sliced Pork Belly, Skinless, Frozen 1 lb",
    "price":7.99,
    "unit_price":"nan",
    "sales_count":1.0,
    "image_url":"https:\/\/img08.weeecdn.net\/product\/image\/415\/950\/708ED03D5E3EF39C.png!c560x560_q80.auto",
    "source_url":"https:\/\/www.sayweee.com\/en\/category\/meat"
  },
  {
    "category":"meat",
    "product_name":"Beef Short Plate Slices for Shabu Shabu Frozen (USDA Choice) 12 oz",
    "price":8.99,
    "unit_price":"$11.98\/lb",
    "sales_count":800.0,
    "image_url":"https:\/\/img08.weeecdn.net\/product\/image\/213\/633\/709F604541CE2F4.png!c560x560_q80.auto",
    "source_url":"https:\/\/www.sayweee.com\/en\/category\/meat"
  },
  {
    "category":"meat",
    "product_name":"100% Heritage Berkshire Ground Pork 80\/20 Frozen 1 lb",
    "price":5.68,
    "unit_price":"nan",
    "sales_count":null,
    "image_url":"https:\/\/img08.weeecdn.net\/product\/image\/761\/852\/CDAA49979CB66F0.png!c560x560_q80.auto",
    "source_url":"https:\/\/www.sayweee.com\/en\/category\/meat"
  },
  {
    "category":"meat",
    "product_name":"Boneless Beef Intercostal Finger Meat, Frozen 1 lb",
    "price":10.99,
    "unit_price":"nan",
    "sales_count":null,
    "image_url":"https:\/\/img08.weeecdn.net\/product\/image\/435\/474\/5B3497383884347A.png!c560x560_q80.auto",
    "source_url":"https:\/\/www.sayweee.com\/en\/category\/meat"
  },
  {
    "category":"meat",
    "product_name":"Thin Sliced Beef Chuck 2mm Thick 1 lb",
    "price":13.49,
    "unit_price":"nan",
    "sales_count":900.0,
    "image_url":"https:\/\/img08.weeecdn.net\/product\/image\/404\/350\/34971D3F0686F656.png!c560x560_q80.auto",
    "source_url":"https:\/\/www.sayweee.com\/en\/category\/meat"
  },
  {
    "category":"meat",
    "product_name":"Korean BBQ Beef Chuck Short Ribs, Frozen 1.5 lb",
    "price":14.49,
    "unit_price":"$9.66\/lb",
    "sales_count":500.0,
    "image_url":"https:\/\/img08.weeecdn.net\/product\/image\/552\/526\/BA4604DF0046895.png!c560x560_q80.auto",
    "source_url":"https:\/\/www.sayweee.com\/en\/category\/meat"
  },
  {
    "category":"meat",
    "product_name":"Sliced Pork Collar Butts, Frozen 1 lb",
    "price":7.29,
    "unit_price":"nan",
    "sales_count":1.0,
    "image_url":"https:\/\/img08.weeecdn.net\/product\/image\/413\/408\/7E402A3EAAA3797A.png!c560x560_q80.auto",
    "source_url":"https:\/\/www.sayweee.com\/en\/category\/meat"
  },
  {
    "category":"meat",
    "product_name":"Beef Bones Cut for Soup 4 lb",
    "price":9.99,
    "unit_price":"$2.49\/lb",
    "sales_count":300.0,
    "image_url":"https:\/\/img08.weeecdn.net\/product\/image\/732\/340\/5C6523D98AAAF3BA.png!c560x560_q80.auto",
    "source_url":"https:\/\/www.sayweee.com\/en\/category\/meat"
  },
  {
    "category":"meat",
    "product_name":"Pork Jowl, Frozen 2 lb",
    "price":18.99,
    "unit_price":"$9.49\/lb",
    "sales_count":1.0,
    "image_url":"https:\/\/img08.weeecdn.net\/product\/image\/695\/512\/61863B8BE232BC25.png!c560x560_q80.auto",
    "source_url":"https:\/\/www.sayweee.com\/en\/category\/meat"
  },
  {
    "category":"meat",
    "product_name":"Pork Belly Skin On, Sliced 8mm, Frozen 2 lb",
    "price":12.99,
    "unit_price":"$6.49\/lb",
    "sales_count":1.0,
    "image_url":"https:\/\/img08.weeecdn.net\/product\/image\/571\/495\/4BCDCDFED711DBA3.png!c560x560_q80.auto",
    "source_url":"https:\/\/www.sayweee.com\/en\/category\/meat"
  },
  {
    "category":"meat",
    "product_name":"MTT Brand Whole Chicken Confucius Style Pack of 2, Frozen (Unprocessed Chicken) 6.9-9.5 lb",
    "price":19.99,
    "unit_price":"$2.43\/lb",
    "sales_count":900.0,
    "image_url":"https:\/\/img08.weeecdn.net\/product\/image\/459\/534\/294822678BD2623A.png!c560x560_q80.auto",
    "source_url":"https:\/\/www.sayweee.com\/en\/category\/meat"
  },
  {
    "category":"meat",
    "product_name":"Thin Sliced Pork Belly , Skin on for Stir Fry , Frozen 1 lb",
    "price":8.79,
    "unit_price":"nan",
    "sales_count":1.0,
    "image_url":"https:\/\/img08.weeecdn.net\/product\/image\/865\/311\/64371EB64AD2B7BB.png!c560x560_q80.auto",
    "source_url":"https:\/\/www.sayweee.com\/en\/category\/meat"
  },
  {
    "category":"meat",
    "product_name":"Martin Purefoods Pork Blood, Frozen 10 oz",
    "price":5.29,
    "unit_price":"$8.39\/lb",
    "sales_count":500.0,
    "image_url":"https:\/\/img08.weeecdn.net\/product\/image\/499\/298\/38C55D66A8A476DB.jpeg!c560x560_q80.auto",
    "source_url":"https:\/\/www.sayweee.com\/en\/category\/meat"
  },
  {
    "category":"meat",
    "product_name":"Frozen Beef Omasum Tripe for Stew 1.5 lb",
    "price":8.99,
    "unit_price":"$5.99\/lb",
    "sales_count":1.0,
    "image_url":"https:\/\/img08.weeecdn.net\/product\/image\/850\/069\/4853559DE9C5858E.png!c560x560_q80.auto",
    "source_url":"https:\/\/www.sayweee.com\/en\/category\/meat"
  },
  {
    "category":"meat",
    "product_name":"Boneless Chicken Breast, Frozen 2 lb",
    "price":9.99,
    "unit_price":"$4.99\/lb",
    "sales_count":1.0,
    "image_url":"https:\/\/img08.weeecdn.net\/product\/image\/078\/148\/6F2722A042383FBA.png!c560x560_q80.auto",
    "source_url":"https:\/\/www.sayweee.com\/en\/category\/meat"
  },
  {
    "category":"meat",
    "product_name":"Chicken Feet, Frozen 3 lb",
    "price":9.99,
    "unit_price":"$3.33\/lb",
    "sales_count":1.0,
    "image_url":"https:\/\/img08.weeecdn.net\/product\/image\/084\/272\/2242523AF7CA9A49.png!c560x560_q80.auto",
    "source_url":"https:\/\/www.sayweee.com\/en\/category\/meat"
  },
  {
    "category":"meat",
    "product_name":"Pork Belly Skinless, Sliced 6mm, Frozen 1 lb",
    "price":6.99,
    "unit_price":"nan",
    "sales_count":null,
    "image_url":"https:\/\/img08.weeecdn.net\/product\/image\/137\/610\/2A8208FFDCC0DD5D.png!c560x560_q80.auto",
    "source_url":"https:\/\/www.sayweee.com\/en\/category\/meat"
  },
  {
    "category":"meat",
    "product_name":"Scalded Beef Omasum Tripe for Hot Pot 4.58 oz",
    "price":5.99,
    "unit_price":"$20.65\/lb",
    "sales_count":1.0,
    "image_url":"https:\/\/img08.weeecdn.net\/product\/image\/041\/356\/57B2A17432B8801C.png!c560x560_q80.auto",
    "source_url":"https:\/\/www.sayweee.com\/en\/category\/meat"
  },
  {
    "category":"meat",
    "product_name":"Chicken Thigh Boneless and Skin-On, Frozen 4 lb",
    "price":17.99,
    "unit_price":"$4.49\/lb",
    "sales_count":900.0,
    "image_url":"https:\/\/img08.weeecdn.net\/product\/image\/952\/727\/335E8EE950E0E8A0.jpeg!c560x560_q80.auto",
    "source_url":"https:\/\/www.sayweee.com\/en\/category\/meat"
  },
  {
    "category":"meat",
    "product_name":"The Original B&B Stewing Hen, Frozen 1.5-2.5 lb",
    "price":5.49,
    "unit_price":"$2.74\/lb",
    "sales_count":null,
    "image_url":"https:\/\/img08.weeecdn.net\/product\/image\/590\/333\/4C75BAEF212E8A59.png!c560x560_q80.auto",
    "source_url":"https:\/\/www.sayweee.com\/en\/category\/meat"
  },
  {
    "category":"meat",
    "product_name":"Gold Medal Family Size Jumbo Crispy Pata Pork Hock 2-2.5 lb",
    "price":16.49,
    "unit_price":"$0.45\/oz",
    "sales_count":500.0,
    "image_url":"https:\/\/img08.weeecdn.net\/product\/image\/300\/707\/7102060E8E43401.png!c560x560_q80.auto",
    "source_url":"https:\/\/www.sayweee.com\/en\/category\/meat"
  },
  {
    "category":"meat",
    "product_name":"Weiyee Beef Tendon Balls, Frozen 226 g",
    "price":7.79,
    "unit_price":"$0.97\/oz",
    "sales_count":null,
    "image_url":"https:\/\/img08.weeecdn.net\/item\/image\/693\/208\/19926AA92A9846DD.jpeg!c560x560_q80.auto",
    "source_url":"https:\/\/www.sayweee.com\/en\/category\/meat"
  },
  {
    "category":"meat",
    "product_name":"Purefoods Tender Juicy Hotdog Extra Jumbo, Frozen 40 oz",
    "price":16.99,
    "unit_price":"$0.42\/oz",
    "sales_count":300.0,
    "image_url":"https:\/\/img08.weeecdn.net\/product\/image\/746\/314\/18B52250013EDF6A.png!c560x560_q80.auto",
    "source_url":"https:\/\/www.sayweee.com\/en\/category\/meat"
  },
  {
    "category":"meat",
    "product_name":"Pork Single Rib Belly Sliced 10mm, Frozen 1 lb",
    "price":8.49,
    "unit_price":"nan",
    "sales_count":1.0,
    "image_url":"https:\/\/img08.weeecdn.net\/product\/image\/779\/701\/490D70CB82B927DF.png!c560x560_q80.auto",
    "source_url":"https:\/\/www.sayweee.com\/en\/category\/meat"
  },
  {
    "category":"meat",
    "product_name":"Sliced Boneless Beef Short Ribs KBBQ Style 5mm 12 oz",
    "price":13.99,
    "unit_price":"$18.65\/lb",
    "sales_count":600.0,
    "image_url":"https:\/\/img08.weeecdn.net\/product\/image\/640\/180\/495F1FA45AA53893.png!c560x560_q80.auto",
    "source_url":"https:\/\/www.sayweee.com\/en\/category\/meat"
  },
  {
    "category":"meat",
    "product_name":"Sliced Pork Hock, 1.5 inch cut, 2 lbs 2 lb",
    "price":6.99,
    "unit_price":"$3.49\/lb",
    "sales_count":900.0,
    "image_url":"https:\/\/img08.weeecdn.net\/product\/image\/441\/132\/55261BA24A548B25.png!c560x560_q80.auto",
    "source_url":"https:\/\/www.sayweee.com\/en\/category\/meat"
  },
  {
    "category":"meat",
    "product_name":"Australia Bone-in Skin On Goat Cubes 2 lb",
    "price":19.99,
    "unit_price":"$9.99\/lb",
    "sales_count":1.0,
    "image_url":"https:\/\/img08.weeecdn.net\/product\/image\/652\/462\/1F0EE7EC50F876DB.jpeg!c560x560_q80.auto",
    "source_url":"https:\/\/www.sayweee.com\/en\/category\/meat"
  },
  {
    "category":"meat",
    "product_name":"Loong Kong Large Chicken, Frozen 3-4 lb",
    "price":18.99,
    "unit_price":"$5.42\/lb",
    "sales_count":null,
    "image_url":"https:\/\/img08.weeecdn.net\/product\/image\/055\/981\/5490741A8BB1CBD3.jpeg!c560x560_q80.auto",
    "source_url":"https:\/\/www.sayweee.com\/en\/category\/meat"
  },
  {
    "category":"meat",
    "product_name":"Beef Center Heel Muscle, Original Package, Frozen 1.5-2 lb",
    "price":19.99,
    "unit_price":"$11.42\/lb",
    "sales_count":1.0,
    "image_url":"https:\/\/img08.weeecdn.net\/product\/image\/376\/647\/5F1B2F5349E9D891.jpeg!c560x560_q80.auto",
    "source_url":"https:\/\/www.sayweee.com\/en\/category\/meat"
  },
  {
    "category":"meat",
    "product_name":"DayLee Karaage Chicken 340 g",
    "price":6.99,
    "unit_price":"$0.58\/oz",
    "sales_count":700.0,
    "image_url":"https:\/\/img08.weeecdn.net\/product\/image\/819\/687\/1F3C631603FC7E82.png!c560x560_q80.auto",
    "source_url":"https:\/\/www.sayweee.com\/en\/category\/meat"
  },
  {
    "category":"meat",
    "product_name":"Que Huong Jumbo Beef Meatballs 11 oz",
    "price":6.29,
    "unit_price":"$0.57\/oz",
    "sales_count":1.0,
    "image_url":"https:\/\/img08.weeecdn.net\/product\/image\/407\/434\/71901E85BF75FC40.png!c560x560_q80.auto",
    "source_url":"https:\/\/www.sayweee.com\/en\/category\/meat"
  },
  {
    "category":"meat",
    "product_name":"Que Huong Cured Pork for BBQ 14 oz",
    "price":6.29,
    "unit_price":"$0.44\/oz",
    "sales_count":900.0,
    "image_url":"https:\/\/img08.weeecdn.net\/product\/image\/222\/479\/6BAC5E4C919CB293.png!c560x560_q80.auto",
    "source_url":"https:\/\/www.sayweee.com\/en\/category\/meat"
  },
  {
    "category":"meat",
    "product_name":"Pork Belly Cubes, Skin-on,  Frozen 2 lb",
    "price":16.49,
    "unit_price":"$8.24\/lb",
    "sales_count":800.0,
    "image_url":"https:\/\/img08.weeecdn.net\/product\/image\/808\/816\/77BB3BB7323F2D4C.png!c560x560_q80.auto",
    "source_url":"https:\/\/www.sayweee.com\/en\/category\/meat"
  },
  {
    "category":"meat",
    "product_name":"Pork Stomach Frozen 1.5 lb",
    "price":7.29,
    "unit_price":"$4.86\/lb",
    "sales_count":800.0,
    "image_url":"https:\/\/img08.weeecdn.net\/product\/image\/076\/572\/337D869D2F9399FF.png!c560x560_q80.auto",
    "source_url":"https:\/\/www.sayweee.com\/en\/category\/meat"
  },
  {
    "category":"meat",
    "product_name":"Pork Belly Skin On, Boneless, Frozen 3 lb",
    "price":17.99,
    "unit_price":"$5.99\/lb",
    "sales_count":900.0,
    "image_url":"https:\/\/img08.weeecdn.net\/product\/image\/080\/104\/66925C7BF0EC8AD9.png!c560x560_q80.auto",
    "source_url":"https:\/\/www.sayweee.com\/en\/category\/meat"
  },
  {
    "category":"meat",
    "product_name":"Gold Medal Chicharon Bulaklak, Pork Ruffle Fat, Frozen 32 oz",
    "price":10.99,
    "unit_price":"$5.49\/lb",
    "sales_count":300.0,
    "image_url":"https:\/\/img08.weeecdn.net\/product\/image\/594\/668\/7B3026DE0A4DE46C.png!c560x560_q80.auto",
    "source_url":"https:\/\/www.sayweee.com\/en\/category\/meat"
  },
  {
    "category":"meat",
    "product_name":"Chan Chan Chinese Brand Sausage 284 g",
    "price":10.49,
    "unit_price":"$1.04\/oz",
    "sales_count":300.0,
    "image_url":"https:\/\/img08.weeecdn.net\/product\/image\/445\/052\/23178E21009E68A1.png!c560x560_q80.auto",
    "source_url":"https:\/\/www.sayweee.com\/en\/category\/meat"
  },
  {
    "category":"meat",
    "product_name":"Beef Ribeye Slices  2mm Thin Cut, Frozen 1 lb",
    "price":13.99,
    "unit_price":"nan",
    "sales_count":600.0,
    "image_url":"https:\/\/img08.weeecdn.net\/product\/image\/724\/394\/30AE6CCEE88B6359.png!c560x560_q80.auto",
    "source_url":"https:\/\/www.sayweee.com\/en\/category\/meat"
  },
  {
    "category":"meat",
    "product_name":"Martin Purefoods Hotdogs with Cheese Frozen 341 g",
    "price":3.88,
    "unit_price":"$0.32\/oz",
    "sales_count":1.0,
    "image_url":"https:\/\/img08.weeecdn.net\/product\/image\/880\/362\/1438C8B1878B3E84.png!c560x560_q80.auto",
    "source_url":"https:\/\/www.sayweee.com\/en\/category\/meat"
  },
  {
    "category":"meat",
    "product_name":"Korean Cut Beef Short Ribs (Value Pack), Frozen 3 lb",
    "price":32.99,
    "unit_price":"$10.99\/lb",
    "sales_count":300.0,
    "image_url":"https:\/\/img08.weeecdn.net\/product\/image\/278\/051\/70BB74792E7DE6B2.jpeg!c560x560_q80.auto",
    "source_url":"https:\/\/www.sayweee.com\/en\/category\/meat"
  },
  {
    "category":"meat",
    "product_name":"Premium Frozen Cut Oxtail，Frozen 1.5 lb",
    "price":17.99,
    "unit_price":"$11.99\/lb",
    "sales_count":300.0,
    "image_url":"https:\/\/img08.weeecdn.net\/product\/image\/292\/171\/25E3D152DC5D04E0.png!c560x560_q80.auto",
    "source_url":"https:\/\/www.sayweee.com\/en\/category\/meat"
  },
  {
    "category":"meat",
    "product_name":"Beef Center Heel Muscle, Frozen 0.9-1.1 lb",
    "price":11.99,
    "unit_price":"nan",
    "sales_count":1.0,
    "image_url":"https:\/\/img08.weeecdn.net\/product\/image\/239\/362\/2830538282513642.png!c560x560_q80.auto",
    "source_url":"https:\/\/www.sayweee.com\/en\/category\/meat"
  },
  {
    "category":"meat",
    "product_name":"ChunWei Taiwan Original Pork Sausage, Frozen 12 oz",
    "price":12.49,
    "unit_price":"$1.04\/oz",
    "sales_count":null,
    "image_url":"https:\/\/img08.weeecdn.net\/description\/image\/147\/634\/7F5BF12EF6F5E335.png!c560x560_q80.auto",
    "source_url":"https:\/\/www.sayweee.com\/en\/category\/meat"
  },
  {
    "category":"meat",
    "product_name":"Certified Angus Beef Chuck Rolls Slices for Hot Pot 12 oz",
    "price":14.99,
    "unit_price":"$19.98\/lb",
    "sales_count":600.0,
    "image_url":"https:\/\/img08.weeecdn.net\/product\/image\/778\/577\/34AC6B78FF9D41A2.png!c560x560_q80.auto",
    "source_url":"https:\/\/www.sayweee.com\/en\/category\/meat"
  },
  {
    "category":"meat",
    "product_name":"Pate France Brand Liver Pate 6 oz",
    "price":2.79,
    "unit_price":"$0.46\/oz",
    "sales_count":600.0,
    "image_url":"https:\/\/img08.weeecdn.net\/product\/image\/320\/650\/EC2A464E82EA2FA.png!c560x560_q80.auto",
    "source_url":"https:\/\/www.sayweee.com\/en\/category\/meat"
  },
  {
    "category":"meat",
    "product_name":"J-Basket Berkshire Pork Sausage Frozen 8 oz",
    "price":5.99,
    "unit_price":"$0.74\/oz",
    "sales_count":null,
    "image_url":"https:\/\/img08.weeecdn.net\/product\/image\/668\/290\/18DD2FB18027728F.png!c560x560_q80.auto",
    "source_url":"https:\/\/www.sayweee.com\/en\/category\/meat"
  },
  {
    "category":"meat",
    "product_name":"Manila's Ihawan Sweet Pork Longanisa Frozen 12 oz",
    "price":6.79,
    "unit_price":"$0.56\/oz",
    "sales_count":300.0,
    "image_url":"https:\/\/img08.weeecdn.net\/item\/image\/422\/048\/51072B43CC972162.jpg!c560x560_q80.auto",
    "source_url":"https:\/\/www.sayweee.com\/en\/category\/meat"
  },
  {
    "category":"meat",
    "product_name":"Ground Chicken, frozen 1 lb",
    "price":4.99,
    "unit_price":"nan",
    "sales_count":500.0,
    "image_url":"https:\/\/img08.weeecdn.net\/product\/image\/790\/943\/122F9E5849D40BC5.png!c560x560_q80.auto",
    "source_url":"https:\/\/www.sayweee.com\/en\/category\/meat"
  },
  {
    "category":"meat",
    "product_name":"Berkshire Pork Butt, Boneless Roll, Frozen 1 lb",
    "price":7.99,
    "unit_price":"nan",
    "sales_count":1.0,
    "image_url":"https:\/\/img08.weeecdn.net\/product\/image\/774\/679\/4C12FE1DD600B7B4.png!c560x560_q80.auto",
    "source_url":"https:\/\/www.sayweee.com\/en\/category\/meat"
  },
  {
    "category":"meat",
    "product_name":"Scalded Beef Omasum Tripe (White) 6 oz",
    "price":4.99,
    "unit_price":"$13.13\/lb",
    "sales_count":500.0,
    "image_url":"https:\/\/img08.weeecdn.net\/product\/image\/649\/998\/44F46F528616D62E.png!c560x560_q80.auto",
    "source_url":"https:\/\/www.sayweee.com\/en\/category\/meat"
  },
  {
    "category":"meat",
    "product_name":"LaBelle Organic Halal Chicken Party Wings Air Chilled 1-1.15 lb",
    "price":5.99,
    "unit_price":"$5.54\/lb",
    "sales_count":700.0,
    "image_url":"https:\/\/img08.weeecdn.net\/product\/image\/487\/549\/5D045A039CA37979.png!c560x560_q80.auto",
    "source_url":"https:\/\/www.sayweee.com\/en\/category\/meat"
  },
  {
    "category":"meat",
    "product_name":"Weiyee Heo Viên Meat Balls, Frozen 283 g",
    "price":7.79,
    "unit_price":"$0.77\/oz",
    "sales_count":null,
    "image_url":"https:\/\/img08.weeecdn.net\/product\/image\/355\/950\/EAFE2CCFA53080D.png!c560x560_q80.auto",
    "source_url":"https:\/\/www.sayweee.com\/en\/category\/meat"
  },
  {
    "category":"meat",
    "product_name":"Angus Beef Striploin Steak 8 oz",
    "price":10.49,
    "unit_price":"$20.98\/lb",
    "sales_count":900.0,
    "image_url":"https:\/\/img08.weeecdn.net\/product\/image\/455\/989\/1E12C1678D0E0F26.png!c560x560_q80.auto",
    "source_url":"https:\/\/www.sayweee.com\/en\/category\/meat"
  },
  {
    "category":"meat",
    "product_name":"Little Sheep Sliced Lamb Shoulder Rolls for Hot Pot 1 lb",
    "price":24.99,
    "unit_price":"nan",
    "sales_count":null,
    "image_url":"https:\/\/img08.weeecdn.net\/product\/image\/580\/107\/81FF24D8AEE51F9.png!c560x560_q80.auto",
    "source_url":"https:\/\/www.sayweee.com\/en\/category\/meat"
  },
  {
    "category":"meat",
    "product_name":"Frozen Ground Beef 16 oz",
    "price":6.99,
    "unit_price":"nan",
    "sales_count":300.0,
    "image_url":"https:\/\/img08.weeecdn.net\/product\/image\/029\/550\/49420CCD8D1963DD.png!c560x560_q80.auto",
    "source_url":"https:\/\/www.sayweee.com\/en\/category\/meat"
  },
  {
    "category":"meat",
    "product_name":"Frozen Beef Honeycomb 2 lb",
    "price":11.99,
    "unit_price":"$5.99\/lb",
    "sales_count":700.0,
    "image_url":"https:\/\/img08.weeecdn.net\/product\/image\/265\/564\/16497C0742C2E7BA.png!c560x560_q80.auto",
    "source_url":"https:\/\/www.sayweee.com\/en\/category\/meat"
  },
  {
    "category":"meat",
    "product_name":"Ga Dong Nai Whole Rooster Chicken, Frozen 3.2-4.5 lb",
    "price":18.99,
    "unit_price":"$4.93\/lb",
    "sales_count":900.0,
    "image_url":"https:\/\/img08.weeecdn.net\/product\/image\/626\/041\/6318416E5E369EE1.png!c560x560_q80.auto",
    "source_url":"https:\/\/www.sayweee.com\/en\/category\/meat"
  },
  {
    "category":"meat",
    "product_name":"American Wagyu Beef Rib Finger meat 1 lb",
    "price":12.99,
    "unit_price":"nan",
    "sales_count":1.0,
    "image_url":"https:\/\/img08.weeecdn.net\/product\/image\/944\/428\/7D03746BBE53F2A8.png!c560x560_q80.auto",
    "source_url":"https:\/\/www.sayweee.com\/en\/category\/meat"
  },
  {
    "category":"meat",
    "product_name":"Imperial American Wagyu Ground Beef 1 lb",
    "price":8.49,
    "unit_price":"nan",
    "sales_count":800.0,
    "image_url":"https:\/\/img08.weeecdn.net\/product\/image\/664\/688\/4E1048D49AC8D805.png!c560x560_q80.auto",
    "source_url":"https:\/\/www.sayweee.com\/en\/category\/meat"
  },
  {
    "category":"meat",
    "product_name":"Jumbo Quails Frozen 3.88 oz*6 each",
    "price":13.49,
    "unit_price":"$9.23\/lb",
    "sales_count":300.0,
    "image_url":"https:\/\/img08.weeecdn.net\/product\/image\/986\/454\/1375CEE907E1F9A0.png!c560x560_q80.auto",
    "source_url":"https:\/\/www.sayweee.com\/en\/category\/meat"
  },
  {
    "category":"meat",
    "product_name":"Que Huong Cooked Pork Skin 7 oz",
    "price":3.49,
    "unit_price":"$0.49\/oz",
    "sales_count":400.0,
    "image_url":"https:\/\/img08.weeecdn.net\/product\/image\/093\/430\/4B0AEED404C394AC.png!c560x560_q80.auto",
    "source_url":"https:\/\/www.sayweee.com\/en\/category\/meat"
  },
  {
    "category":"meat",
    "product_name":"Free Range Bone-in Goat Cubes, Skinless (Halal) 2 lb",
    "price":17.99,
    "unit_price":"$8.99\/lb",
    "sales_count":100.0,
    "image_url":"https:\/\/img08.weeecdn.net\/product\/image\/579\/371\/7ECA81AD40A9976E.png!c560x560_q80.auto",
    "source_url":"https:\/\/www.sayweee.com\/en\/category\/meat"
  },
  {
    "category":"meat",
    "product_name":"Boneless Chicken Feet, Frozen 1 lb",
    "price":15.49,
    "unit_price":"nan",
    "sales_count":200.0,
    "image_url":"https:\/\/img08.weeecdn.net\/product\/image\/967\/218\/1CF8D231AE9736D2.png!c560x560_q80.auto",
    "source_url":"https:\/\/www.sayweee.com\/en\/category\/meat"
  },
  {
    "category":"meat",
    "product_name":"Purefoods Tender Juicy Hotdog with Cheese 12 oz",
    "price":5.99,
    "unit_price":"$0.49\/oz",
    "sales_count":400.0,
    "image_url":"https:\/\/img08.weeecdn.net\/product\/image\/847\/171\/4E6084891F60BC69.png!c560x560_q80.auto",
    "source_url":"https:\/\/www.sayweee.com\/en\/category\/meat"
  },
  {
    "category":"meat",
    "product_name":"Premium Cut Oxtails 1\" Cut, Frozen 2 lb",
    "price":28.99,
    "unit_price":"$14.49\/lb",
    "sales_count":200.0,
    "image_url":"https:\/\/img08.weeecdn.net\/product\/image\/260\/936\/1D8D67F4A49083FF.png!c560x560_q80.auto",
    "source_url":"https:\/\/www.sayweee.com\/en\/category\/meat"
  },
  {
    "category":"meat",
    "product_name":"Culver Duck Legs, Frozen 1.12 lb",
    "price":14.99,
    "unit_price":"$13.38\/lb",
    "sales_count":300.0,
    "image_url":"https:\/\/img08.weeecdn.net\/product\/image\/885\/890\/45895C2471BAB047.png!c560x560_q80.auto",
    "source_url":"https:\/\/www.sayweee.com\/en\/category\/meat"
  },
  {
    "category":"meat",
    "product_name":"Maple Leaf Farm Roasted Duck Halves, Frozen 10 oz",
    "price":12.59,
    "unit_price":"$19.98\/lb",
    "sales_count":null,
    "image_url":"https:\/\/img08.weeecdn.net\/product\/image\/861\/056\/1A5F95F0040CF125.png!c560x560_q80.auto",
    "source_url":"https:\/\/www.sayweee.com\/en\/category\/meat"
  },
  {
    "category":"meat",
    "product_name":"Gold Medal Marinated Pork Belly Liempo 12 oz",
    "price":6.99,
    "unit_price":"$0.58\/oz",
    "sales_count":600.0,
    "image_url":"https:\/\/img08.weeecdn.net\/product\/image\/809\/511\/1708EDDA096474C8.png!c560x560_q80.auto",
    "source_url":"https:\/\/www.sayweee.com\/en\/category\/meat"
  },
  {
    "category":"meat",
    "product_name":"Young Silky Chicken, Female, HOFO, Premium Frozen 1.5-1.8 lb",
    "price":16.99,
    "unit_price":"$10.29\/lb",
    "sales_count":500.0,
    "image_url":"https:\/\/img08.weeecdn.net\/product\/image\/564\/238\/75D6E014291060C1.png!c560x560_q80.auto",
    "source_url":"https:\/\/www.sayweee.com\/en\/category\/meat"
  },
  {
    "category":"meat",
    "product_name":"Frozen Quails, 6 pc 6 count",
    "price":12.49,
    "unit_price":"nan",
    "sales_count":800.0,
    "image_url":"https:\/\/img08.weeecdn.net\/item\/image\/523\/848\/3E9FA663C2A2AEF9.jpg!c560x560_q80.auto",
    "source_url":"https:\/\/www.sayweee.com\/en\/category\/meat"
  },
  {
    "category":"meat",
    "product_name":"Duck Wings, Frozen 1.5 lb",
    "price":5.49,
    "unit_price":"$3.66\/lb",
    "sales_count":200.0,
    "image_url":"https:\/\/img08.weeecdn.net\/product\/image\/584\/276\/1C6D4AEC86FC2502.png!c560x560_q80.auto",
    "source_url":"https:\/\/www.sayweee.com\/en\/category\/meat"
  },
  {
    "category":"meat",
    "product_name":"Taste of Japan Mini Pork Coarse Sausage 10 oz",
    "price":6.28,
    "unit_price":"$0.62\/oz",
    "sales_count":null,
    "image_url":"https:\/\/img08.weeecdn.net\/product\/image\/195\/131\/4EED1AB7C193F65A.png!c560x560_q80.auto",
    "source_url":"https:\/\/www.sayweee.com\/en\/category\/meat"
  },
  {
    "category":"meat",
    "product_name":"Taste of Japan Pre-Sliced Japanese Chashu, BBQ Flavor 5 oz",
    "price":9.29,
    "unit_price":"$1.85\/oz",
    "sales_count":400.0,
    "image_url":"https:\/\/img08.weeecdn.net\/item\/image\/939\/033\/152117F8492420E3.jpg!c560x560_q80.auto",
    "source_url":"https:\/\/www.sayweee.com\/en\/category\/meat"
  },
  {
    "category":"meat",
    "product_name":"Chan Chan Chinese Brand Sausage 10 oz",
    "price":10.49,
    "unit_price":"$1.04\/oz",
    "sales_count":300.0,
    "image_url":"https:\/\/img08.weeecdn.net\/product\/image\/723\/351\/435535923C75F414.png!c560x560_q80.auto",
    "source_url":"https:\/\/www.sayweee.com\/en\/category\/meat"
  },
  {
    "category":"meat",
    "product_name":"Beef Tendon, Frozen 1 lb",
    "price":9.99,
    "unit_price":"nan",
    "sales_count":700.0,
    "image_url":"https:\/\/img08.weeecdn.net\/product\/image\/094\/414\/7C42F9B9B2E61875.png!c560x560_q80.auto",
    "source_url":"https:\/\/www.sayweee.com\/en\/category\/meat"
  },
  {
    "category":"meat",
    "product_name":"Chicken Gizzards, Frozen 1.5 lb",
    "price":5.49,
    "unit_price":"$3.66\/lb",
    "sales_count":700.0,
    "image_url":"https:\/\/img08.weeecdn.net\/product\/image\/805\/460\/56227DDF3367A7A0.png!c560x560_q80.auto",
    "source_url":"https:\/\/www.sayweee.com\/en\/category\/meat"
  },
  {
    "category":"meat",
    "product_name":"Weiyee Mushroom Meatballs, Frozen 10 oz",
    "price":6.49,
    "unit_price":"$0.64\/oz",
    "sales_count":600.0,
    "image_url":"https:\/\/img08.weeecdn.net\/item\/image\/325\/406\/12DB8664963E207D.jpg!c560x560_q80.auto",
    "source_url":"https:\/\/www.sayweee.com\/en\/category\/meat"
  },
  {
    "category":"meat",
    "product_name":"Marinated Pork Bulgogi, mild spicy 1 lb",
    "price":5.99,
    "unit_price":"nan",
    "sales_count":400.0,
    "image_url":"https:\/\/img08.weeecdn.net\/product\/image\/017\/096\/2A84F5D0AAEDBDC3.png!c560x560_q80.auto",
    "source_url":"https:\/\/www.sayweee.com\/en\/category\/meat"
  },
  {
    "category":"meat",
    "product_name":"Japanese Style Skinless Beef Tongue Slices , Frozen 8 oz",
    "price":11.99,
    "unit_price":"$23.98\/lb",
    "sales_count":700.0,
    "image_url":"https:\/\/img08.weeecdn.net\/product\/image\/132\/702\/3CA27B259034B0E0.png!c560x560_q80.auto",
    "source_url":"https:\/\/www.sayweee.com\/en\/category\/meat"
  },
  {
    "category":"meat",
    "product_name":"Que Huong Nem Chua Sausage 4 oz",
    "price":2.79,
    "unit_price":"$0.69\/oz",
    "sales_count":100.0,
    "image_url":"https:\/\/img08.weeecdn.net\/item\/image\/079\/242\/73055A41E23A3D27.jpg!c560x560_q80.auto",
    "source_url":"https:\/\/www.sayweee.com\/en\/category\/meat"
  },
  {
    "category":"meat",
    "product_name":"Pampanga Beef Tapa 10 oz",
    "price":6.49,
    "unit_price":"$0.64\/oz",
    "sales_count":500.0,
    "image_url":"https:\/\/img08.weeecdn.net\/product\/image\/939\/614\/6C484B49A1FB3151.png!c560x560_q80.auto",
    "source_url":"https:\/\/www.sayweee.com\/en\/category\/meat"
  },
  {
    "category":"meat",
    "product_name":"Venus Beef Tendon Balls, Frozen 12 oz",
    "price":7.29,
    "unit_price":"$0.60\/oz",
    "sales_count":100.0,
    "image_url":"https:\/\/img08.weeecdn.net\/item\/image\/720\/369\/5A3CC8004EFBA264.jpg!c560x560_q80.auto",
    "source_url":"https:\/\/www.sayweee.com\/en\/category\/meat"
  },
  {
    "category":"meat",
    "product_name":"Boneless Lamb Shoulder, Frozen 2 lb",
    "price":17.99,
    "unit_price":"$8.99\/lb",
    "sales_count":null,
    "image_url":"https:\/\/img08.weeecdn.net\/product\/image\/827\/648\/57A178AC8EE78DF5.png!c560x560_q80.auto",
    "source_url":"https:\/\/www.sayweee.com\/en\/category\/meat"
  },
  {
    "category":"meat",
    "product_name":"Boneless Pork Shoulder Butt Roast, Frozen 3 lb",
    "price":16.49,
    "unit_price":"$5.49\/lb",
    "sales_count":200.0,
    "image_url":"https:\/\/img08.weeecdn.net\/product\/image\/937\/086\/68EB8CD25234249A.png!c560x560_q80.auto",
    "source_url":"https:\/\/www.sayweee.com\/en\/category\/meat"
  },
  {
    "category":"meat",
    "product_name":"Pork Rib Strips, Frozen 3 lb",
    "price":19.99,
    "unit_price":"$6.66\/lb",
    "sales_count":300.0,
    "image_url":"https:\/\/img08.weeecdn.net\/product\/image\/980\/631\/34681C6F348A3895.png!c560x560_q80.auto",
    "source_url":"https:\/\/www.sayweee.com\/en\/category\/meat"
  },
  {
    "category":"meat",
    "product_name":"Beef Shank Bone-in Cut 1\" for Stew, Frozen 0.8-1.2 lb",
    "price":6.99,
    "unit_price":"nan",
    "sales_count":600.0,
    "image_url":"https:\/\/img08.weeecdn.net\/product\/image\/036\/741\/307DBA2C170A1614.png!c560x560_q80.auto",
    "source_url":"https:\/\/www.sayweee.com\/en\/category\/meat"
  },
  {
    "category":"meat",
    "product_name":"Beef Small Intestines 1.5 lb",
    "price":9.99,
    "unit_price":"$6.66\/lb",
    "sales_count":300.0,
    "image_url":"https:\/\/img08.weeecdn.net\/product\/image\/990\/968\/7DE5FB3A38BE6CA2.png!c560x560_q80.auto",
    "source_url":"https:\/\/www.sayweee.com\/en\/category\/meat"
  },
  {
    "category":"meat",
    "product_name":"Old Hen, HOFO, Premium Size Frozen 2.5-3 lb",
    "price":13.49,
    "unit_price":"$4.90\/lb",
    "sales_count":400.0,
    "image_url":"https:\/\/img08.weeecdn.net\/product\/image\/076\/548\/38DE982BEB344DCD.png!c560x560_q80.auto",
    "source_url":"https:\/\/www.sayweee.com\/en\/category\/meat"
  },
  {
    "category":"meat",
    "product_name":"Pork Baby Back Rib Strips 2\", Frozen 1.5 lb",
    "price":12.49,
    "unit_price":"$8.32\/lb",
    "sales_count":800.0,
    "image_url":"https:\/\/img08.weeecdn.net\/product\/image\/556\/574\/2F85DE6C66656AF1.png!c560x560_q80.auto",
    "source_url":"https:\/\/www.sayweee.com\/en\/category\/meat"
  },
  {
    "category":"meat",
    "product_name":"Pork Leg Bones, Frozen 4 lb",
    "price":10.99,
    "unit_price":"$2.74\/lb",
    "sales_count":600.0,
    "image_url":"https:\/\/img08.weeecdn.net\/product\/image\/658\/103\/69A545FB93BB0ED9.png!c560x560_q80.auto",
    "source_url":"https:\/\/www.sayweee.com\/en\/category\/meat"
  },
  {
    "category":"meat",
    "product_name":"Great Wall Beef Tendon Meatballs Frozen 11 oz",
    "price":8.29,
    "unit_price":"$0.75\/oz",
    "sales_count":500.0,
    "image_url":"https:\/\/img08.weeecdn.net\/product\/image\/625\/079\/7A41A3C862B397DF.png!c560x560_q80.auto",
    "source_url":"https:\/\/www.sayweee.com\/en\/category\/meat"
  },
  {
    "category":"meat",
    "product_name":"American Kobe Beef Boneless Short Rib Slices 1 lb",
    "price":31.99,
    "unit_price":"nan",
    "sales_count":200.0,
    "image_url":"https:\/\/img08.weeecdn.net\/product\/image\/544\/289\/62DA848AFAAF8BA4.png!c560x560_q80.auto",
    "source_url":"https:\/\/www.sayweee.com\/en\/category\/meat"
  },
  {
    "category":"meat",
    "product_name":"Chicken Wing Drumette, Frozen 3-3.15 lb",
    "price":8.99,
    "unit_price":"$2.91\/lb",
    "sales_count":400.0,
    "image_url":"https:\/\/img08.weeecdn.net\/product\/image\/096\/812\/112CA296E95A4C99.png!c560x560_q80.auto",
    "source_url":"https:\/\/www.sayweee.com\/en\/category\/meat"
  },
  {
    "category":"meat",
    "product_name":"Beef Rib Fingers Meat  (Catch Weight) 3-4 lb",
    "price":32.99,
    "unit_price":"$9.42\/lb",
    "sales_count":500.0,
    "image_url":"https:\/\/img08.weeecdn.net\/product\/image\/269\/515\/7460C590A79B3D16.png!c560x560_q80.auto",
    "source_url":"https:\/\/www.sayweee.com\/en\/category\/meat"
  },
  {
    "category":"meat",
    "product_name":"Sliced Beef Short Plate for Hot Pot , Family Size 2.5 lb",
    "price":25.49,
    "unit_price":"$10.19\/lb",
    "sales_count":900.0,
    "image_url":"https:\/\/img08.weeecdn.net\/product\/image\/478\/230\/524114BEB73D610B.png!c560x560_q80.auto",
    "source_url":"https:\/\/www.sayweee.com\/en\/category\/meat"
  },
  {
    "category":"meat",
    "product_name":"New American Frozen Royal Chicken 2.5-3 lb",
    "price":20.99,
    "unit_price":"$7.63\/lb",
    "sales_count":1.0,
    "image_url":"https:\/\/img08.weeecdn.net\/product\/image\/727\/356\/5C9C0D0F24C477D3.jpeg!c560x560_q80.auto",
    "source_url":"https:\/\/www.sayweee.com\/en\/category\/meat"
  },
  {
    "category":"meat",
    "product_name":"Culver Whole Duck, Head\/Feet On, Frozen 4.5-5 lb",
    "price":20.99,
    "unit_price":"$4.41\/lb",
    "sales_count":100.0,
    "image_url":"https:\/\/img08.weeecdn.net\/item\/image\/747\/192\/2A628D6861E15F90.jpg!c560x560_q80.auto",
    "source_url":"https:\/\/www.sayweee.com\/en\/category\/meat"
  },
  {
    "category":"meat",
    "product_name":"Martin Purefoods BBQ Seasoned Pork Belly 16 oz",
    "price":4.89,
    "unit_price":"$0.30\/oz",
    "sales_count":400.0,
    "image_url":"https:\/\/img08.weeecdn.net\/product\/image\/107\/866\/41B68A93189C2034.png!c560x560_q80.auto",
    "source_url":"https:\/\/www.sayweee.com\/en\/category\/meat"
  },
  {
    "category":"meat",
    "product_name":"Canadian Lamb Shoulder Rolls for Hot Pot Frozen 12 oz",
    "price":14.99,
    "unit_price":"$19.98\/lb",
    "sales_count":300.0,
    "image_url":"https:\/\/img08.weeecdn.net\/product\/image\/432\/906\/3556655D8F5D9061.png!c560x560_q80.auto",
    "source_url":"https:\/\/www.sayweee.com\/en\/category\/meat"
  },
  {
    "category":"meat",
    "product_name":"Pork Skin, Frozen 2 lb",
    "price":7.79,
    "unit_price":"$3.89\/lb",
    "sales_count":200.0,
    "image_url":"https:\/\/img08.weeecdn.net\/item\/image\/590\/688\/2969052A9DC3DC1E.jpg!c560x560_q80.auto",
    "source_url":"https:\/\/www.sayweee.com\/en\/category\/meat"
  },
  {
    "category":"meat",
    "product_name":"Beef Rough Flank Cube Cut for Stew, Frozen 2 lb",
    "price":29.99,
    "unit_price":"$14.99\/lb",
    "sales_count":700.0,
    "image_url":"https:\/\/img08.weeecdn.net\/product\/image\/334\/394\/786B689833F76F6B.png!c560x560_q80.auto",
    "source_url":"https:\/\/www.sayweee.com\/en\/category\/meat"
  },
  {
    "category":"meat",
    "product_name":"Pork Bung Frozen 2 lb",
    "price":14.99,
    "unit_price":"$7.49\/lb",
    "sales_count":200.0,
    "image_url":"https:\/\/img08.weeecdn.net\/product\/image\/345\/645\/5B5F8080A59214DA.png!c560x560_q80.auto",
    "source_url":"https:\/\/www.sayweee.com\/en\/category\/meat"
  },
  {
    "category":"meat",
    "product_name":"Pork Feet Diced 4 lb",
    "price":16.49,
    "unit_price":"$4.12\/lb",
    "sales_count":300.0,
    "image_url":"https:\/\/img08.weeecdn.net\/product\/image\/332\/692\/7306A05F82F5F898.png!c560x560_q80.auto",
    "source_url":"https:\/\/www.sayweee.com\/en\/category\/meat"
  },
  {
    "category":"meat",
    "product_name":"Diced Chicken Leg Frozen 2 lb",
    "price":7.79,
    "unit_price":"$3.89\/lb",
    "sales_count":200.0,
    "image_url":"https:\/\/img08.weeecdn.net\/product\/image\/186\/765\/6DD9A916CF82A18.png!c560x560_q80.auto",
    "source_url":"https:\/\/www.sayweee.com\/en\/category\/meat"
  },
  {
    "category":"meat",
    "product_name":"Japanese Wagyu Beef Yakiniku\/BBQ Cuts 8 oz",
    "price":19.99,
    "unit_price":"$39.98\/lb",
    "sales_count":300.0,
    "image_url":"https:\/\/img08.weeecdn.net\/product\/image\/659\/289\/14D6475602E5E345.png!c560x560_q80.auto",
    "source_url":"https:\/\/www.sayweee.com\/en\/category\/meat"
  },
  {
    "category":"meat",
    "product_name":"Little Sheep Sliced Beef Shank for Hot Pot 1 lb",
    "price":17.99,
    "unit_price":"nan",
    "sales_count":300.0,
    "image_url":"https:\/\/img08.weeecdn.net\/product\/image\/533\/271\/6479008AFD561741.png!c560x560_q80.auto",
    "source_url":"https:\/\/www.sayweee.com\/en\/category\/meat"
  },
  {
    "category":"meat",
    "product_name":"Manila's Ihawan Pork Tocino, Frozen 12 oz",
    "price":6.79,
    "unit_price":"$0.56\/oz",
    "sales_count":200.0,
    "image_url":"https:\/\/img08.weeecdn.net\/item\/image\/135\/117\/167E96BF245CE652.jpg!c560x560_q80.auto",
    "source_url":"https:\/\/www.sayweee.com\/en\/category\/meat"
  },
  {
    "category":"meat",
    "product_name":"Chashu Pork Belly, Frozen 1.8-2.5 lb",
    "price":39.99,
    "unit_price":"$18.60\/lb",
    "sales_count":null,
    "image_url":"https:\/\/img08.weeecdn.net\/description\/image\/235\/574\/4D8AFE8DC26E9B50.png!c560x560_q80.auto",
    "source_url":"https:\/\/www.sayweee.com\/en\/category\/meat"
  },
  {
    "category":"meat",
    "product_name":"Lamb Back\/Spine Bones, Frozen 3 lb",
    "price":16.99,
    "unit_price":"$5.66\/lb",
    "sales_count":null,
    "image_url":"https:\/\/img08.weeecdn.net\/product\/image\/734\/800\/65C0E16468AC065B.jpeg!c560x560_q80.auto",
    "source_url":"https:\/\/www.sayweee.com\/en\/category\/meat"
  },
  {
    "category":"meat",
    "product_name":"Spicy Lamb Skewers, 10pc with 2 pack Spicy BBQ Seasonings 12 oz",
    "price":24.99,
    "unit_price":"$33.32\/lb",
    "sales_count":500.0,
    "image_url":"https:\/\/img08.weeecdn.net\/product\/image\/774\/406\/6A691D03A589BAF1.png!c560x560_q80.auto",
    "source_url":"https:\/\/www.sayweee.com\/en\/category\/meat"
  },
  {
    "category":"meat",
    "product_name":"Agrosuper Chicken Mid Joint Wings 5 lb",
    "price":24.99,
    "unit_price":"$4.99\/lb",
    "sales_count":null,
    "image_url":"https:\/\/img08.weeecdn.net\/product\/image\/681\/584\/5E0C5E55246F4EB0.png!c560x560_q80.auto",
    "source_url":"https:\/\/www.sayweee.com\/en\/category\/meat"
  },
  {
    "category":"meat",
    "product_name":"Vi Huong Pork Loaf with Skin 12 oz",
    "price":5.49,
    "unit_price":"$7.32\/lb",
    "sales_count":300.0,
    "image_url":"https:\/\/img08.weeecdn.net\/product\/image\/442\/384\/162B6C1FC8426E78.png!c560x560_q80.auto",
    "source_url":"https:\/\/www.sayweee.com\/en\/category\/meat"
  },
  {
    "category":"meat",
    "product_name":"FOODIE Korean Style Pork Link, Pork Sausage, Soondae 16 oz",
    "price":8.99,
    "unit_price":"$0.56\/oz",
    "sales_count":400.0,
    "image_url":"https:\/\/img08.weeecdn.net\/product\/image\/751\/466\/496D25B72431C6A3.jpeg!c560x560_q80.auto",
    "source_url":"https:\/\/www.sayweee.com\/en\/category\/meat"
  },
  {
    "category":"meat",
    "product_name":"Boneless Beef Short Rib Slice, Thin Roll, USDA Prime 8.8 oz",
    "price":21.99,
    "unit_price":"$39.98\/lb",
    "sales_count":300.0,
    "image_url":"https:\/\/img08.weeecdn.net\/product\/image\/453\/696\/535BC8CCF02D7984.png!c560x560_q80.auto",
    "source_url":"https:\/\/www.sayweee.com\/en\/category\/meat"
  },
  {
    "category":"meat",
    "product_name":"Sliced Lamb Shoulder for Hot Pot Frozen 1 lb",
    "price":12.99,
    "unit_price":"nan",
    "sales_count":200.0,
    "image_url":"https:\/\/img08.weeecdn.net\/product\/image\/745\/652\/54755CBCD7EBF783.png!c560x560_q80.auto",
    "source_url":"https:\/\/www.sayweee.com\/en\/category\/meat"
  },
  {
    "category":"meat",
    "product_name":"Cut Pork Back bone Frozen 2 lb",
    "price":4.49,
    "unit_price":"$2.24\/lb",
    "sales_count":100.0,
    "image_url":"https:\/\/img08.weeecdn.net\/product\/image\/257\/263\/10E6A684549D8B7.png!c560x560_q80.auto",
    "source_url":"https:\/\/www.sayweee.com\/en\/category\/meat"
  },
  {
    "category":"meat",
    "product_name":"Bibigo Dotom Pork and Vegetable Mini Patty Frozen 1 lb",
    "price":7.49,
    "unit_price":"$0.46\/oz",
    "sales_count":null,
    "image_url":"https:\/\/img08.weeecdn.net\/product\/image\/075\/837\/32CA90598B9A98FE.png!c560x560_q80.auto",
    "source_url":"https:\/\/www.sayweee.com\/en\/category\/meat"
  },
  {
    "category":"meat",
    "product_name":"Pork  Backfat, frozen 1 lb",
    "price":3.99,
    "unit_price":"nan",
    "sales_count":300.0,
    "image_url":"https:\/\/img08.weeecdn.net\/product\/image\/996\/441\/62A7479722118D59.png!c560x560_q80.auto",
    "source_url":"https:\/\/www.sayweee.com\/en\/category\/meat"
  },
  {
    "category":"meat",
    "product_name":"Tita's Special Pork Tocino 12 oz",
    "price":7.79,
    "unit_price":"$0.64\/oz",
    "sales_count":100.0,
    "image_url":"https:\/\/img08.weeecdn.net\/product\/image\/324\/125\/3AD5F4E3639FD055.png!c560x560_q80.auto",
    "source_url":"https:\/\/www.sayweee.com\/en\/category\/meat"
  },
  {
    "category":"meat",
    "product_name":"Pork Blood Jelly Fresh 397 g",
    "price":5.49,
    "unit_price":"$0.39\/oz",
    "sales_count":500.0,
    "image_url":"https:\/\/img08.weeecdn.net\/product\/image\/879\/172\/3B1A295CC97E3C4C.png!c560x560_q80.auto",
    "source_url":"https:\/\/www.sayweee.com\/en\/category\/meat"
  },
  {
    "category":"meat",
    "product_name":"Pork Tail, Frozen 1.5 lb",
    "price":5.79,
    "unit_price":"$3.86\/lb",
    "sales_count":50.0,
    "image_url":"https:\/\/img08.weeecdn.net\/product\/image\/786\/631\/132845C240628F21.png!c560x560_q80.auto",
    "source_url":"https:\/\/www.sayweee.com\/en\/category\/meat"
  },
  {
    "category":"meat",
    "product_name":"BBQ Cut Pork Spare Ribs, Frozen 2 lb",
    "price":11.99,
    "unit_price":"$5.99\/lb",
    "sales_count":200.0,
    "image_url":"https:\/\/img08.weeecdn.net\/product\/image\/288\/679\/5E3AE86E70FEC232.png!c560x560_q80.auto",
    "source_url":"https:\/\/www.sayweee.com\/en\/category\/meat"
  },
  {
    "category":"meat",
    "product_name":"Center Cut Heel Meat, Frozen 2 lb",
    "price":21.99,
    "unit_price":"$10.99\/lb",
    "sales_count":200.0,
    "image_url":"https:\/\/img08.weeecdn.net\/product\/image\/742\/652\/3EC34C14E05F1C3A.png!c560x560_q80.auto",
    "source_url":"https:\/\/www.sayweee.com\/en\/category\/meat"
  },
  {
    "category":"meat",
    "product_name":"Purefoods Tender Juicy Hotdog Cocktail 12 oz",
    "price":5.99,
    "unit_price":"$0.49\/oz",
    "sales_count":300.0,
    "image_url":"https:\/\/img08.weeecdn.net\/product\/image\/153\/541\/62E5786D46CF1D8E.png!c560x560_q80.auto",
    "source_url":"https:\/\/www.sayweee.com\/en\/category\/meat"
  },
  {
    "category":"meat",
    "product_name":"Pork Neck Bones, Frozen 2.5 lb",
    "price":8.29,
    "unit_price":"$3.31\/lb",
    "sales_count":400.0,
    "image_url":"https:\/\/img08.weeecdn.net\/item\/image\/494\/937\/5BE58B96565D8578.jpg!c560x560_q80.auto",
    "source_url":"https:\/\/www.sayweee.com\/en\/category\/meat"
  },
  {
    "category":"meat",
    "product_name":"Kam Yen Jan Chinese Sausage 14 oz",
    "price":8.79,
    "unit_price":"$0.62\/oz",
    "sales_count":100.0,
    "image_url":"https:\/\/img08.weeecdn.net\/product\/image\/358\/273\/562B402FA0F48684.png!c560x560_q80.auto",
    "source_url":"https:\/\/www.sayweee.com\/en\/category\/meat"
  },
  {
    "category":"meat",
    "product_name":"Beef Round Cubes for Stew, Frozen 1 lb",
    "price":11.49,
    "unit_price":"nan",
    "sales_count":300.0,
    "image_url":"https:\/\/img08.weeecdn.net\/product\/image\/251\/163\/77A42CC16DC254B5.png!c560x560_q80.auto",
    "source_url":"https:\/\/www.sayweee.com\/en\/category\/meat"
  },
  {
    "category":"meat",
    "product_name":"Chunwei Taiwan Uncooked Sweet Pork Sausage, Frozen 12 oz",
    "price":12.49,
    "unit_price":"$1.04\/oz",
    "sales_count":300.0,
    "image_url":"https:\/\/img08.weeecdn.net\/item\/image\/828\/300\/265AD708F41654F1.jpg!c560x560_q80.auto",
    "source_url":"https:\/\/www.sayweee.com\/en\/category\/meat"
  },
  {
    "category":"meat",
    "product_name":"Bone-In Pork Chops , Frozen 2-2.25 lb",
    "price":10.99,
    "unit_price":"$5.15\/lb",
    "sales_count":300.0,
    "image_url":"https:\/\/img08.weeecdn.net\/product\/image\/103\/913\/7A9E1BAB51038BEF.png!c560x560_q80.auto",
    "source_url":"https:\/\/www.sayweee.com\/en\/category\/meat"
  },
  {
    "category":"meat",
    "product_name":"Chunwei Sichuan Spicy Pork Sausage 340 g",
    "price":10.99,
    "unit_price":"$0.91\/oz",
    "sales_count":200.0,
    "image_url":"https:\/\/img08.weeecdn.net\/product\/image\/900\/169\/5D8946B6193E37DE.jpeg!c560x560_q80.auto",
    "source_url":"https:\/\/www.sayweee.com\/en\/category\/meat"
  },
  {
    "category":"meat",
    "product_name":"Prime Food Cured Pork Sausage, Frozen 10 oz",
    "price":7.29,
    "unit_price":"$0.72\/oz",
    "sales_count":400.0,
    "image_url":"https:\/\/img08.weeecdn.net\/product\/image\/000\/515\/3A8707F074F4AEDA.png!c560x560_q80.auto",
    "source_url":"https:\/\/www.sayweee.com\/en\/category\/meat"
  },
  {
    "category":"meat",
    "product_name":"New Orleans Crispy Honey Chicken Mid Wings (Frozen) 1.5 lb",
    "price":12.99,
    "unit_price":"$8.66\/lb",
    "sales_count":500.0,
    "image_url":"https:\/\/img08.weeecdn.net\/product\/image\/284\/922\/750137EC9D5FCFF3.png!c560x560_q80.auto",
    "source_url":"https:\/\/www.sayweee.com\/en\/category\/meat"
  },
  {
    "category":"meat",
    "product_name":"Young Bo Bo Chicken 3.6-4.2 lb",
    "price":24.99,
    "unit_price":"$6.40\/lb",
    "sales_count":500.0,
    "image_url":"https:\/\/img08.weeecdn.net\/product\/image\/674\/190\/17648DFB7916679C.jpeg!c560x560_q80.auto",
    "source_url":"https:\/\/www.sayweee.com\/en\/category\/meat"
  },
  {
    "category":"meat",
    "product_name":"Pork Hocks, Frozen 4-5 lb",
    "price":17.99,
    "unit_price":"$3.99\/lb",
    "sales_count":100.0,
    "image_url":"https:\/\/img08.weeecdn.net\/item\/image\/392\/730\/74D5895DD39A1D30.jpg!c560x560_q80.auto",
    "source_url":"https:\/\/www.sayweee.com\/en\/category\/meat"
  },
  {
    "category":"meat",
    "product_name":"Duck Chitterlings, Frozen 8 oz",
    "price":7.79,
    "unit_price":"$15.58\/lb",
    "sales_count":300.0,
    "image_url":"https:\/\/img08.weeecdn.net\/product\/image\/078\/816\/22E6041B89F5E587.jpeg!c560x560_q80.auto",
    "source_url":"https:\/\/www.sayweee.com\/en\/category\/meat"
  },
  {
    "category":"meat",
    "product_name":"Sliced Pork CT Curl Frozen 0.8 lb",
    "price":5.99,
    "unit_price":"$7.48\/lb",
    "sales_count":300.0,
    "image_url":"https:\/\/img08.weeecdn.net\/product\/image\/409\/379\/4E9A1777F7AC05F5.png!c560x560_q80.auto",
    "source_url":"https:\/\/www.sayweee.com\/en\/category\/meat"
  },
  {
    "category":"meat",
    "product_name":"Jurgielewicz Duck Wings, Frozen 1.5-2 lb",
    "price":5.49,
    "unit_price":"$3.13\/lb",
    "sales_count":300.0,
    "image_url":"https:\/\/img08.weeecdn.net\/product\/image\/588\/849\/4B3DB1404D2629B1.png!c560x560_q80.auto",
    "source_url":"https:\/\/www.sayweee.com\/en\/category\/meat"
  },
  {
    "category":"meat",
    "product_name":"Whole Young Chicken, Head And Feet Off, Frozen 3-3.5 lb",
    "price":10.99,
    "unit_price":"$3.38\/lb",
    "sales_count":100.0,
    "image_url":"https:\/\/img08.weeecdn.net\/product\/image\/340\/294\/544C9E08A67543EA.png!c560x560_q80.auto",
    "source_url":"https:\/\/www.sayweee.com\/en\/category\/meat"
  },
  {
    "category":"meat",
    "product_name":"Marinated Beef Kebabs with Seasoning for BBQ 12 oz",
    "price":15.99,
    "unit_price":"$21.32\/lb",
    "sales_count":100.0,
    "image_url":"https:\/\/img08.weeecdn.net\/product\/image\/425\/594\/60728A6716CB67C1.png!c560x560_q80.auto",
    "source_url":"https:\/\/www.sayweee.com\/en\/category\/meat"
  },
  {
    "category":"meat",
    "product_name":"Duck Leg, Frozen 0.45 lb",
    "price":5.99,
    "unit_price":"$13.31\/lb",
    "sales_count":50.0,
    "image_url":"https:\/\/img08.weeecdn.net\/item\/image\/767\/383\/2C20685A9D6DD100.png!c560x560_q80.auto",
    "source_url":"https:\/\/www.sayweee.com\/en\/category\/meat"
  },
  {
    "category":"meat",
    "product_name":"Long Phung Cooked Garlic Pepper Pork Patty Roll 14 oz",
    "price":7.99,
    "unit_price":"$0.57\/oz",
    "sales_count":200.0,
    "image_url":"https:\/\/img08.weeecdn.net\/product\/image\/351\/606\/7CFF9E8077D787DC.png!c560x560_q80.auto",
    "source_url":"https:\/\/www.sayweee.com\/en\/category\/meat"
  },
  {
    "category":"meat",
    "product_name":"Mishima American Wagyu Beef Chuck Eye Roll Cube Cut 1 lb",
    "price":16.99,
    "unit_price":"nan",
    "sales_count":300.0,
    "image_url":"https:\/\/img08.weeecdn.net\/product\/image\/301\/546\/12495A8137EE8470.png!c560x560_q80.auto",
    "source_url":"https:\/\/www.sayweee.com\/en\/category\/meat"
  },
  {
    "category":"meat",
    "product_name":"Boneless Pork  Shoulder Butt Cube, Frozen 2 lb",
    "price":11.49,
    "unit_price":"$5.74\/lb",
    "sales_count":300.0,
    "image_url":"https:\/\/img08.weeecdn.net\/product\/image\/155\/503\/3DBF278B447097AF.png!c560x560_q80.auto",
    "source_url":"https:\/\/www.sayweee.com\/en\/category\/meat"
  },
  {
    "category":"meat",
    "product_name":"Spicy Beef Skewers, 10pc with 2 pack Spicy BBQ Seasonings 12 oz",
    "price":20.99,
    "unit_price":"$27.98\/lb",
    "sales_count":100.0,
    "image_url":"https:\/\/img08.weeecdn.net\/product\/image\/483\/205\/2D6912E17F47EE44.png!c560x560_q80.auto",
    "source_url":"https:\/\/www.sayweee.com\/en\/category\/meat"
  },
  {
    "category":"meat",
    "product_name":"Little Sheep  Beef Short Plate Slice, Frozen 1 lb",
    "price":14.99,
    "unit_price":"nan",
    "sales_count":200.0,
    "image_url":"https:\/\/img08.weeecdn.net\/product\/image\/301\/229\/220CAFEBFFD186A0.png!c560x560_q80.auto",
    "source_url":"https:\/\/www.sayweee.com\/en\/category\/meat"
  },
  {
    "category":"meat",
    "product_name":"Shirakiku Chicken Karaage, Frozen 454 g",
    "price":10.99,
    "unit_price":"$0.68\/oz",
    "sales_count":300.0,
    "image_url":"https:\/\/img08.weeecdn.net\/product\/image\/001\/003\/26EDE9BEE098291A.png!c560x560_q80.auto",
    "source_url":"https:\/\/www.sayweee.com\/en\/category\/meat"
  },
  {
    "category":"meat",
    "product_name":"Martin Purefoods Garlic Pepper BBQ Seasoned Pork Belly 16 oz",
    "price":7.79,
    "unit_price":"$0.48\/oz",
    "sales_count":100.0,
    "image_url":"https:\/\/img08.weeecdn.net\/product\/image\/696\/090\/14DC9F2551B90645.png!c560x560_q80.auto",
    "source_url":"https:\/\/www.sayweee.com\/en\/category\/meat"
  },
  {
    "category":"meat",
    "product_name":"Beef Brisket 1.8-2.2 lb",
    "price":20.99,
    "unit_price":"$10.49\/lb",
    "sales_count":50.0,
    "image_url":"https:\/\/img08.weeecdn.net\/product\/image\/884\/342\/21A73D8D986F6C00.png!c560x560_q80.auto",
    "source_url":"https:\/\/www.sayweee.com\/en\/category\/meat"
  },
  {
    "category":"meat",
    "product_name":"Wang Korea Fish Cake Sausages Cheese Flavor 10ct 320 g",
    "price":6.99,
    "unit_price":"$0.61\/oz",
    "sales_count":50.0,
    "image_url":"https:\/\/img08.weeecdn.net\/product\/image\/034\/003\/12F2ED09C1B92B7E.png!c560x560_q80.auto",
    "source_url":"https:\/\/www.sayweee.com\/en\/category\/meat"
  },
  {
    "category":"meat",
    "product_name":"Chunwei Uncooked Taiwanese Garlic Pork Sausage, Frozen 12 oz",
    "price":12.49,
    "unit_price":"$1.04\/oz",
    "sales_count":200.0,
    "image_url":"https:\/\/img08.weeecdn.net\/item\/image\/182\/616\/1983950A1CDCE46C.jpg!c560x560_q80.auto",
    "source_url":"https:\/\/www.sayweee.com\/en\/category\/meat"
  },
  {
    "category":"meat",
    "product_name":"Hanazen Cooked Seasoned Chashu Pork Belly for Ramen 5.99 oz",
    "price":9.79,
    "unit_price":"$1.63\/oz",
    "sales_count":50.0,
    "image_url":"https:\/\/img08.weeecdn.net\/product\/image\/361\/619\/1B8FC731AB1E4001.jpeg!c560x560_q80.auto",
    "source_url":"https:\/\/www.sayweee.com\/en\/category\/meat"
  },
  {
    "category":"meat",
    "product_name":"Great Wall Bo Vien Beef Meatballs, No Tendon 11 oz",
    "price":8.29,
    "unit_price":"$0.75\/oz",
    "sales_count":400.0,
    "image_url":"https:\/\/img08.weeecdn.net\/product\/image\/048\/224\/534AE078D6AE74D6.png!c560x560_q80.auto",
    "source_url":"https:\/\/www.sayweee.com\/en\/category\/meat"
  },
  {
    "category":"meat",
    "product_name":"Wenglee Signature Brown Chicken, frozen 2.4-2.8 lb",
    "price":20.99,
    "unit_price":"$8.07\/lb",
    "sales_count":400.0,
    "image_url":"https:\/\/img08.weeecdn.net\/product\/image\/727\/811\/4DF5FE3FAFC9B1A8.png!c560x560_q80.auto",
    "source_url":"https:\/\/www.sayweee.com\/en\/category\/meat"
  },
  {
    "category":"meat",
    "product_name":"Master Wang Sliced Beef Rolls for Hot Pot 12 oz",
    "price":12.29,
    "unit_price":"$16.38\/lb",
    "sales_count":100.0,
    "image_url":"https:\/\/img08.weeecdn.net\/product\/image\/851\/988\/5A243982A4D3EAF.png!c560x560_q80.auto",
    "source_url":"https:\/\/www.sayweee.com\/en\/category\/meat"
  },
  {
    "category":"meat",
    "product_name":"Godinez316 Cebu Style Chorizo (Sweet & Savory) 16 oz",
    "price":9.29,
    "unit_price":"$0.58\/oz",
    "sales_count":null,
    "image_url":"https:\/\/img08.weeecdn.net\/product\/image\/894\/854\/7F5FE6B7A1AC06EB.png!c560x560_q80.auto",
    "source_url":"https:\/\/www.sayweee.com\/en\/category\/meat"
  },
  {
    "category":"meat",
    "product_name":"Pork Diced Soft Bone 2 lb",
    "price":8.79,
    "unit_price":"$4.39\/lb",
    "sales_count":300.0,
    "image_url":"https:\/\/img08.weeecdn.net\/product\/image\/046\/298\/3D811DF0407F3F84.png!c560x560_q80.auto",
    "source_url":"https:\/\/www.sayweee.com\/en\/category\/meat"
  },
  {
    "category":"meat",
    "product_name":"Beef Rib Finger Meat, Boneless 3 lb",
    "price":31.99,
    "unit_price":"$10.66\/lb",
    "sales_count":1.0,
    "image_url":"https:\/\/img08.weeecdn.net\/product\/image\/920\/894\/38C9C33B6DCC0BE4.jpeg!c560x560_q80.auto",
    "source_url":"https:\/\/www.sayweee.com\/en\/category\/meat"
  },
  {
    "category":"meat",
    "product_name":"Iberico Pork Skinless Belly 2.4-2.8 lb",
    "price":26.99,
    "unit_price":"$10.38\/lb",
    "sales_count":null,
    "image_url":"https:\/\/img08.weeecdn.net\/product\/image\/031\/420\/3A004258176E8B53.png!c560x560_q80.auto",
    "source_url":"https:\/\/www.sayweee.com\/en\/category\/meat"
  },
  {
    "category":"meat",
    "product_name":"Xishangxi Chinese Brand Bacon 227 g",
    "price":9.49,
    "unit_price":"$1.18\/oz",
    "sales_count":500.0,
    "image_url":"https:\/\/img08.weeecdn.net\/product\/image\/653\/358\/B053D34A57DF7F7.png!c560x560_q80.auto",
    "source_url":"https:\/\/www.sayweee.com\/en\/category\/meat"
  },
  {
    "category":"meat",
    "product_name":"Martin Purefoods Sweet & Smokey Bite Size Pork Hamonado, Frozen 1 lb",
    "price":7.49,
    "unit_price":"$0.46\/oz",
    "sales_count":100.0,
    "image_url":"https:\/\/img08.weeecdn.net\/item\/image\/540\/705\/63196B68BA2A3453.jpg!c560x560_q80.auto",
    "source_url":"https:\/\/www.sayweee.com\/en\/category\/meat"
  },
  {
    "category":"meat",
    "product_name":"Bone-In Lamb Shank Frozen 2 lb",
    "price":17.99,
    "unit_price":"$8.99\/lb",
    "sales_count":100.0,
    "image_url":"https:\/\/img08.weeecdn.net\/product\/image\/194\/199\/15AF9F316DFB41DE.png!c560x560_q80.auto",
    "source_url":"https:\/\/www.sayweee.com\/en\/category\/meat"
  },
  {
    "category":"meat",
    "product_name":"Pork Ears, Frozen 2 lb",
    "price":14.49,
    "unit_price":"$7.24\/lb",
    "sales_count":300.0,
    "image_url":"https:\/\/img08.weeecdn.net\/product\/image\/881\/550\/254534ACAEAA68B4.png!c560x560_q80.auto",
    "source_url":"https:\/\/www.sayweee.com\/en\/category\/meat"
  },
  {
    "category":"meat",
    "product_name":"Ri Wang Beef Patty Balls with Pork Filling, Frozen 8 oz",
    "price":5.79,
    "unit_price":"$0.72\/oz",
    "sales_count":800.0,
    "image_url":"https:\/\/img08.weeecdn.net\/product\/image\/044\/056\/52D9210B1882184E.png!c560x560_q80.auto",
    "source_url":"https:\/\/www.sayweee.com\/en\/category\/meat"
  },
  {
    "category":"meat",
    "product_name":"Fud Sliced Turkey Ham 12 oz",
    "price":5.99,
    "unit_price":"$0.49\/oz",
    "sales_count":null,
    "image_url":"https:\/\/img08.weeecdn.net\/product\/image\/906\/985\/5465089D33546D97.jpeg!c560x560_q80.auto",
    "source_url":"https:\/\/www.sayweee.com\/en\/category\/meat"
  },
  {
    "category":"meat",
    "product_name":"Japanese A5 Wagyu Beef Striploin Steak 12 oz",
    "price":65.99,
    "unit_price":"$87.98\/lb",
    "sales_count":null,
    "image_url":"https:\/\/img08.weeecdn.net\/product\/image\/536\/680\/61CD2B9FCFA007C6.jpeg!c560x560_q80.auto",
    "source_url":"https:\/\/www.sayweee.com\/en\/category\/meat"
  },
  {
    "category":"meat",
    "product_name":"Little Sheep Marbled Beef Sliced for Hot Pot 1 lb",
    "price":27.99,
    "unit_price":"nan",
    "sales_count":300.0,
    "image_url":"https:\/\/img08.weeecdn.net\/product\/image\/420\/742\/16DC861DDB4350A9.jpeg!c560x560_q80.auto",
    "source_url":"https:\/\/www.sayweee.com\/en\/category\/meat"
  },
  {
    "category":"meat",
    "product_name":"Boneless Duck Feet, Frozen 1 lb",
    "price":16.49,
    "unit_price":"nan",
    "sales_count":200.0,
    "image_url":"https:\/\/img08.weeecdn.net\/product\/image\/213\/486\/4D0C2E85F2ED3BF4.png!c560x560_q80.auto",
    "source_url":"https:\/\/www.sayweee.com\/en\/category\/meat"
  },
  {
    "category":"meat",
    "product_name":"Pork Livers, Frozen 2 lb",
    "price":5.99,
    "unit_price":"$2.99\/lb",
    "sales_count":500.0,
    "image_url":"https:\/\/img08.weeecdn.net\/item\/image\/305\/841\/346FFA26DAE1A393.jpg!c560x560_q80.auto",
    "source_url":"https:\/\/www.sayweee.com\/en\/category\/meat"
  },
  {
    "category":"meat",
    "product_name":"Seoul Soondae Korean Sausage, Frozen 1.5 lb",
    "price":13.99,
    "unit_price":"$0.58\/oz",
    "sales_count":100.0,
    "image_url":"https:\/\/img08.weeecdn.net\/product\/image\/770\/498\/4B619BCAEDE94D07.png!c560x560_q80.auto",
    "source_url":"https:\/\/www.sayweee.com\/en\/category\/meat"
  },
  {
    "category":"meat",
    "product_name":"Marinated Chicken Leg Meat, Sweet Garlic Flavor 2 lb",
    "price":8.99,
    "unit_price":"$4.49\/lb",
    "sales_count":50.0,
    "image_url":"https:\/\/img08.weeecdn.net\/product\/image\/204\/315\/498C5DB5AD07CF8F.png!c560x560_q80.auto",
    "source_url":"https:\/\/www.sayweee.com\/en\/category\/meat"
  },
  {
    "category":"meat",
    "product_name":"Meizhou Dongpo Spicy Pork Sausage 7 oz",
    "price":9.99,
    "unit_price":"$1.42\/oz",
    "sales_count":null,
    "image_url":"https:\/\/img08.weeecdn.net\/product\/image\/314\/796\/80B8D9A0EA72B42.png!c560x560_q80.auto",
    "source_url":"https:\/\/www.sayweee.com\/en\/category\/meat"
  },
  {
    "category":"meat",
    "product_name":"Beef Neck Bones， Frozen 2.5 lb",
    "price":12.49,
    "unit_price":"$4.99\/lb",
    "sales_count":200.0,
    "image_url":"https:\/\/img08.weeecdn.net\/product\/image\/170\/049\/51757C312900948A.png!c560x560_q80.auto",
    "source_url":"https:\/\/www.sayweee.com\/en\/category\/meat"
  },
  {
    "category":"meat",
    "product_name":"New American Whole Red Chicken, Vacuum Packed, Frozen 2.5-3 lb",
    "price":21.99,
    "unit_price":"$7.99\/lb",
    "sales_count":200.0,
    "image_url":"https:\/\/img08.weeecdn.net\/product\/image\/763\/063\/55954B77C1A7F167.png!c560x560_q80.auto",
    "source_url":"https:\/\/www.sayweee.com\/en\/category\/meat"
  },
  {
    "category":"meat",
    "product_name":"Shirakiku KOREAN BEEF LA GALBI 2.5 servings 11.2 oz",
    "price":18.99,
    "unit_price":"$1.69\/oz",
    "sales_count":50.0,
    "image_url":"https:\/\/img08.weeecdn.net\/product\/image\/241\/450\/68B3E62E8CCF0A9B.png!c560x560_q80.auto",
    "source_url":"https:\/\/www.sayweee.com\/en\/category\/meat"
  },
  {
    "category":"meat",
    "product_name":"Premium Boneless Lamb Leg Chops, Frozen 2 lb",
    "price":22.99,
    "unit_price":"$11.49\/lb",
    "sales_count":50.0,
    "image_url":"https:\/\/img08.weeecdn.net\/product\/image\/181\/578\/1C38FAC46F61F706.png!c560x560_q80.auto",
    "source_url":"https:\/\/www.sayweee.com\/en\/category\/meat"
  },
  {
    "category":"meat",
    "product_name":"Chunwei Haerbin Smoked Pork Sausage 408 g",
    "price":9.99,
    "unit_price":"$0.69\/oz",
    "sales_count":null,
    "image_url":"https:\/\/img08.weeecdn.net\/product\/image\/575\/899\/327C182654F2A04D.jpeg!c560x560_q80.auto",
    "source_url":"https:\/\/www.sayweee.com\/en\/category\/meat"
  },
  {
    "category":"meat",
    "product_name":"Pork Loin, Frozen 1.75 lb",
    "price":8.79,
    "unit_price":"$5.02\/lb",
    "sales_count":300.0,
    "image_url":"https:\/\/img08.weeecdn.net\/product\/image\/841\/255\/7001F780B4A3E4D3.png!c560x560_q80.auto",
    "source_url":"https:\/\/www.sayweee.com\/en\/category\/meat"
  },
  {
    "category":"meat",
    "product_name":"Manila's Ihawan Chicken Tocino, Frozen 12 oz",
    "price":6.79,
    "unit_price":"$0.56\/oz",
    "sales_count":50.0,
    "image_url":"https:\/\/img08.weeecdn.net\/item\/image\/485\/136\/E02FB68BBA2BFF5.jpg!c560x560_q80.auto",
    "source_url":"https:\/\/www.sayweee.com\/en\/category\/meat"
  },
  {
    "category":"meat",
    "product_name":"Duck Leg Confit, Frozen 1 lb",
    "price":14.99,
    "unit_price":"nan",
    "sales_count":200.0,
    "image_url":"https:\/\/img08.weeecdn.net\/product\/image\/330\/448\/5E97057B75106885.png!c560x560_q80.auto",
    "source_url":"https:\/\/www.sayweee.com\/en\/category\/meat"
  },
  {
    "category":"meat",
    "product_name":"Premium Beef Short Rib English Cut 1.5 lb",
    "price":22.49,
    "unit_price":"$14.99\/lb",
    "sales_count":100.0,
    "image_url":"https:\/\/img08.weeecdn.net\/product\/image\/120\/477\/C8277D9DA66C491.png!c560x560_q80.auto",
    "source_url":"https:\/\/www.sayweee.com\/en\/category\/meat"
  },
  {
    "category":"meat",
    "product_name":"Tita's Special Pork Longaniza 12 oz",
    "price":7.79,
    "unit_price":"$0.64\/oz",
    "sales_count":100.0,
    "image_url":"https:\/\/img08.weeecdn.net\/product\/image\/864\/787\/34F1FF7CCA49D6E8.png!c560x560_q80.auto",
    "source_url":"https:\/\/www.sayweee.com\/en\/category\/meat"
  },
  {
    "category":"meat",
    "product_name":"Beef Large Intestine 1 lb",
    "price":6.29,
    "unit_price":"nan",
    "sales_count":200.0,
    "image_url":"https:\/\/img08.weeecdn.net\/product\/image\/619\/368\/526CE8B8AB2C0C27.png!c560x560_q80.auto",
    "source_url":"https:\/\/www.sayweee.com\/en\/category\/meat"
  },
  {
    "category":"meat",
    "product_name":"Tropics Bacolod Chicken Inasal BBQ Skewers, Frozen 20 oz",
    "price":17.99,
    "unit_price":"$0.89\/oz",
    "sales_count":null,
    "image_url":"https:\/\/img08.weeecdn.net\/product\/image\/927\/649\/321ADCC41601CF3B.png!c560x560_q80.auto",
    "source_url":"https:\/\/www.sayweee.com\/en\/category\/meat"
  },
  {
    "category":"meat",
    "product_name":"Long Phung Cooked Pork Patty Roll 14 oz",
    "price":9.29,
    "unit_price":"$0.66\/oz",
    "sales_count":100.0,
    "image_url":"https:\/\/img08.weeecdn.net\/product\/image\/684\/413\/2842E96047B18909.png!c560x560_q80.auto",
    "source_url":"https:\/\/www.sayweee.com\/en\/category\/meat"
  },
  {
    "category":"meat",
    "product_name":"Boneless Pork CT Butt Steaks Frozen 2 lb",
    "price":11.99,
    "unit_price":"$5.99\/lb",
    "sales_count":100.0,
    "image_url":"https:\/\/img08.weeecdn.net\/product\/image\/512\/152\/683BACFA52AF6F77.png!c560x560_q80.auto",
    "source_url":"https:\/\/www.sayweee.com\/en\/category\/meat"
  },
  {
    "category":"meat",
    "product_name":"Frenched Lamb Rack 1.2-1.5 lb",
    "price":35.99,
    "unit_price":"$26.65\/lb",
    "sales_count":100.0,
    "image_url":"https:\/\/img08.weeecdn.net\/product\/image\/995\/987\/F0BD7B6C654F241.jpeg!c560x560_q80.auto",
    "source_url":"https:\/\/www.sayweee.com\/en\/category\/meat"
  },
  {
    "category":"meat",
    "product_name":"Argentina Pork Tocino 12 oz",
    "price":7.79,
    "unit_price":"$0.64\/oz",
    "sales_count":100.0,
    "image_url":"https:\/\/img08.weeecdn.net\/product\/image\/610\/260\/13C75BEA56628C26.png!c560x560_q80.auto",
    "source_url":"https:\/\/www.sayweee.com\/en\/category\/meat"
  },
  {
    "category":"meat",
    "product_name":"Martin Purefoods Bite Size Franks Hot Dogs, Frozen 16 oz",
    "price":7.49,
    "unit_price":"$0.46\/oz",
    "sales_count":50.0,
    "image_url":"https:\/\/img08.weeecdn.net\/description\/image\/591\/532\/6677441479FCA2E4.png!c560x560_q80.auto",
    "source_url":"https:\/\/www.sayweee.com\/en\/category\/meat"
  },
  {
    "category":"meat",
    "product_name":"Xi Shang Xi Cured Ham 8 oz",
    "price":12.99,
    "unit_price":"$1.62\/oz",
    "sales_count":200.0,
    "image_url":"https:\/\/img08.weeecdn.net\/product\/image\/347\/852\/1DB6725FCF8C3567.png!c560x560_q80.auto",
    "source_url":"https:\/\/www.sayweee.com\/en\/category\/meat"
  },
  {
    "category":"meat",
    "product_name":"Yushang Shandong Dezhou Fully Cooked Whole Chicken 1.25 lb",
    "price":14.99,
    "unit_price":"$0.74\/oz",
    "sales_count":200.0,
    "image_url":"https:\/\/img08.weeecdn.net\/product\/image\/892\/197\/2118AB5891C2A1A4.png!c560x560_q80.auto",
    "source_url":"https:\/\/www.sayweee.com\/en\/category\/meat"
  },
  {
    "category":"meat",
    "product_name":"Que Huong Vietnamese Head Cheese 12 oz",
    "price":7.69,
    "unit_price":"$0.64\/oz",
    "sales_count":null,
    "image_url":"https:\/\/img08.weeecdn.net\/item\/image\/371\/167\/1D5DBBF4C64DA33D.jpg!c560x560_q80.auto",
    "source_url":"https:\/\/www.sayweee.com\/en\/category\/meat"
  },
  {
    "category":"meat",
    "product_name":"Berkshire Pork Shoulder Butt  (Collar Slice) , Frozen 2 lb",
    "price":24.99,
    "unit_price":"$12.49\/lb",
    "sales_count":100.0,
    "image_url":"https:\/\/img08.weeecdn.net\/product\/image\/111\/351\/4032CFA9D5CC226D.png!c560x560_q80.auto",
    "source_url":"https:\/\/www.sayweee.com\/en\/category\/meat"
  },
  {
    "category":"meat",
    "product_name":"Prime Food Mini Cured Pork Patty Link, Frozen 284 g",
    "price":7.49,
    "unit_price":"$0.74\/oz",
    "sales_count":50.0,
    "image_url":"https:\/\/img08.weeecdn.net\/product\/image\/173\/572\/74A3F16AAB6BF41E.png!c560x560_q80.auto",
    "source_url":"https:\/\/www.sayweee.com\/en\/category\/meat"
  },
  {
    "category":"meat",
    "product_name":"D.I.Y. JURGIELEWICZ PEKING DUCK Frozen 1.5-1.75 lb",
    "price":15.29,
    "unit_price":"$9.38\/lb",
    "sales_count":50.0,
    "image_url":"https:\/\/img08.weeecdn.net\/product\/image\/382\/774\/55FA618D5B46BC81.png!c560x560_q80.auto",
    "source_url":"https:\/\/www.sayweee.com\/en\/category\/meat"
  },
  {
    "category":"meat",
    "product_name":"Kim Son Beef & Beef Tendon Meatballs with Chicken, Frozen 10 oz",
    "price":6.79,
    "unit_price":"$0.67\/oz",
    "sales_count":200.0,
    "image_url":"https:\/\/img08.weeecdn.net\/product\/image\/178\/784\/19619A4535BBA8F6.png!c560x560_q80.auto",
    "source_url":"https:\/\/www.sayweee.com\/en\/category\/meat"
  },
  {
    "category":"meat",
    "product_name":"Wenglee Young Brown Chicken, frozen 2.4-2.6 lb",
    "price":20.99,
    "unit_price":"$8.39\/lb",
    "sales_count":200.0,
    "image_url":"https:\/\/img08.weeecdn.net\/product\/image\/833\/709\/55EEDA2ADF8A82E.png!c560x560_q80.auto",
    "source_url":"https:\/\/www.sayweee.com\/en\/category\/meat"
  },
  {
    "category":"meat",
    "product_name":"Pork Tenderloin, Frozen 2-2.5 lb",
    "price":9.99,
    "unit_price":"$4.44\/lb",
    "sales_count":600.0,
    "image_url":"https:\/\/img08.weeecdn.net\/item\/image\/294\/984\/21600AF5EE6EF6A.jpg!c560x560_q80.auto",
    "source_url":"https:\/\/www.sayweee.com\/en\/category\/meat"
  },
  {
    "category":"meat",
    "product_name":"LaBelle Organic Halal Chicken Breast Air Chilled 1-1.15 lb",
    "price":13.69,
    "unit_price":"$12.67\/lb",
    "sales_count":50.0,
    "image_url":"https:\/\/img08.weeecdn.net\/product\/image\/983\/401\/68ECD1C07442F76.png!c560x560_q80.auto",
    "source_url":"https:\/\/www.sayweee.com\/en\/category\/meat"
  },
  {
    "category":"meat",
    "product_name":"Magnolia Skinless Hamonado Longanisa, Frozen 16 oz",
    "price":7.79,
    "unit_price":"$0.48\/oz",
    "sales_count":null,
    "image_url":"https:\/\/img08.weeecdn.net\/item\/image\/817\/237\/14F5EF4576445606.png!c560x560_q80.auto",
    "source_url":"https:\/\/www.sayweee.com\/en\/category\/meat"
  },
  {
    "category":"meat",
    "product_name":"RA's Farm Braised Pork Belly (Dongpo Rou) 256 g",
    "price":6.99,
    "unit_price":"$0.77\/oz",
    "sales_count":50.0,
    "image_url":"https:\/\/img08.weeecdn.net\/product\/image\/408\/788\/7DD205FC748098CC.png!c560x560_q80.auto",
    "source_url":"https:\/\/www.sayweee.com\/en\/category\/meat"
  },
  {
    "category":"meat",
    "product_name":"Assorted Chopped Duck-Half, Frozen 2-2.5 lb",
    "price":14.49,
    "unit_price":"$6.44\/lb",
    "sales_count":100.0,
    "image_url":"https:\/\/img08.weeecdn.net\/product\/image\/627\/033\/4AD266A8EA1E7B6C.png!c560x560_q80.auto",
    "source_url":"https:\/\/www.sayweee.com\/en\/category\/meat"
  },
  {
    "category":"meat",
    "product_name":"J-Basket Spicy Birkshire Pork Sausage 8 oz",
    "price":6.49,
    "unit_price":"$0.81\/oz",
    "sales_count":200.0,
    "image_url":"https:\/\/img08.weeecdn.net\/product\/image\/791\/992\/5827F33C9DDD5044.png!c560x560_q80.auto",
    "source_url":"https:\/\/www.sayweee.com\/en\/category\/meat"
  },
  {
    "category":"meat",
    "product_name":"Wang Mozzarella Cheese and Fish Sausage Corn Dog, Frozen 400 g",
    "price":12.09,
    "unit_price":"$0.85\/oz",
    "sales_count":null,
    "image_url":"https:\/\/img08.weeecdn.net\/item\/image\/885\/714\/7F5B1482BC77A329.jpg!c560x560_q80.auto",
    "source_url":"https:\/\/www.sayweee.com\/en\/category\/meat"
  },
  {
    "category":"meat",
    "product_name":"Beef tongue BBQ cut 8 oz",
    "price":14.99,
    "unit_price":"$29.98\/lb",
    "sales_count":200.0,
    "image_url":"https:\/\/img08.weeecdn.net\/product\/image\/411\/420\/2C1B4103E01CCB80.png!c560x560_q80.auto",
    "source_url":"https:\/\/www.sayweee.com\/en\/category\/meat"
  },
  {
    "category":"meat",
    "product_name":"SHIRAKIKU KOREAN BEEF BULGOGI 2.5 servings 12.8 oz",
    "price":16.99,
    "unit_price":"$1.32\/oz",
    "sales_count":null,
    "image_url":"https:\/\/img08.weeecdn.net\/product\/image\/390\/594\/36A1BCA5868F9E07.png!c560x560_q80.auto",
    "source_url":"https:\/\/www.sayweee.com\/en\/category\/meat"
  },
  {
    "category":"meat",
    "product_name":"Iberico Pork Fatback 2.4-2.8 lb",
    "price":15.49,
    "unit_price":"$5.95\/lb",
    "sales_count":50.0,
    "image_url":"https:\/\/img08.weeecdn.net\/product\/image\/905\/998\/3F26D95D0A143DFF.png!c560x560_q80.auto",
    "source_url":"https:\/\/www.sayweee.com\/en\/category\/meat"
  },
  {
    "category":"meat",
    "product_name":"Argentina Pork Longanisa Spicy, Frozen 12 oz",
    "price":6.79,
    "unit_price":"$0.56\/oz",
    "sales_count":null,
    "image_url":"https:\/\/img08.weeecdn.net\/product\/image\/183\/587\/5753BEF176E2EF4C.png!c560x560_q80.auto",
    "source_url":"https:\/\/www.sayweee.com\/en\/category\/meat"
  },
  {
    "category":"meat",
    "product_name":"Li Ji Salt Brined Chicken Cooked 510 g",
    "price":11.99,
    "unit_price":"$0.66\/oz",
    "sales_count":50.0,
    "image_url":"https:\/\/img08.weeecdn.net\/product\/image\/308\/940\/3D0B65F9E0B0D03C.png!c560x560_q80.auto",
    "source_url":"https:\/\/www.sayweee.com\/en\/category\/meat"
  },
  {
    "category":"meat",
    "product_name":"Long Phung Fried Pork Patty 14 oz",
    "price":9.29,
    "unit_price":"$0.66\/oz",
    "sales_count":300.0,
    "image_url":"https:\/\/img08.weeecdn.net\/product\/image\/121\/022\/3ACB408B03DB961C.png!c560x560_q80.auto",
    "source_url":"https:\/\/www.sayweee.com\/en\/category\/meat"
  },
  {
    "category":"meat",
    "product_name":"Pork Jowl Meat BBQ cut, 50\/50 fat\/lean, Frozen 1 lb",
    "price":12.99,
    "unit_price":"nan",
    "sales_count":100.0,
    "image_url":"https:\/\/img08.weeecdn.net\/product\/image\/912\/292\/113822EE20C11EFD.png!c560x560_q80.auto",
    "source_url":"https:\/\/www.sayweee.com\/en\/category\/meat"
  },
  {
    "category":"meat",
    "product_name":"Japanese A5 Wagyu Beef Ribeye Steak 12 oz",
    "price":76.99,
    "unit_price":"$102.65\/lb",
    "sales_count":50.0,
    "image_url":"https:\/\/img08.weeecdn.net\/product\/image\/731\/444\/2589ADC474BAB138.jpeg!c560x560_q80.auto",
    "source_url":"https:\/\/www.sayweee.com\/en\/category\/meat"
  },
  {
    "category":"meat",
    "product_name":"Duck Necks, Frozen 2 lb",
    "price":10.99,
    "unit_price":"$5.49\/lb",
    "sales_count":200.0,
    "image_url":"https:\/\/img08.weeecdn.net\/product\/image\/201\/177\/37528ADC3FB3B690.png!c560x560_q80.auto",
    "source_url":"https:\/\/www.sayweee.com\/en\/category\/meat"
  },
  {
    "category":"meat",
    "product_name":"Magnolia Sweet Pork Longanisa, Frozen 12 oz",
    "price":5.99,
    "unit_price":"$0.49\/oz",
    "sales_count":50.0,
    "image_url":"https:\/\/img08.weeecdn.net\/description\/image\/655\/359\/11A98DA8289195DB.png!c560x560_q80.auto",
    "source_url":"https:\/\/www.sayweee.com\/en\/category\/meat"
  },
  {
    "category":"meat",
    "product_name":"Otoki Premium Pork Loin Fritter Frozen 12 oz",
    "price":10.99,
    "unit_price":"$0.91\/oz",
    "sales_count":100.0,
    "image_url":"https:\/\/img08.weeecdn.net\/product\/image\/785\/665\/198E33BFD74EFAD6.png!c560x560_q80.auto",
    "source_url":"https:\/\/www.sayweee.com\/en\/category\/meat"
  },
  {
    "category":"meat",
    "product_name":"J-Basket Chicken Karaage 12.3 oz",
    "price":9.29,
    "unit_price":"$0.75\/oz",
    "sales_count":null,
    "image_url":"https:\/\/img08.weeecdn.net\/product\/image\/847\/993\/498622DDB27E347A.png!c560x560_q80.auto",
    "source_url":"https:\/\/www.sayweee.com\/en\/category\/meat"
  },
  {
    "category":"meat",
    "product_name":"New Orleans Spicy Chicken Wingette 1 lb",
    "price":12.29,
    "unit_price":"nan",
    "sales_count":null,
    "image_url":"https:\/\/img08.weeecdn.net\/product\/image\/595\/910\/180C1AF2D60A3B6F.png!c560x560_q80.auto",
    "source_url":"https:\/\/www.sayweee.com\/en\/category\/meat"
  },
  {
    "category":"meat",
    "product_name":"Yushang Chicken Sausage w\/ Sweet Corn 340 g",
    "price":6.99,
    "unit_price":"$0.58\/oz",
    "sales_count":200.0,
    "image_url":"https:\/\/img08.weeecdn.net\/product\/image\/927\/261\/DE430AFBBAFF0E6.png!c560x560_q80.auto",
    "source_url":"https:\/\/www.sayweee.com\/en\/category\/meat"
  },
  {
    "category":"meat",
    "product_name":"Medium Tender Sliced Pork Stomach, Frozen 12 oz",
    "price":6.49,
    "unit_price":"$8.65\/lb",
    "sales_count":50.0,
    "image_url":"https:\/\/img08.weeecdn.net\/product\/image\/692\/920\/760DB519E547DCC6.png!c560x560_q80.auto",
    "source_url":"https:\/\/www.sayweee.com\/en\/category\/meat"
  },
  {
    "category":"meat",
    "product_name":"Surasang Formed Chicken Breast Katsu Fritters, Frozen 340 g",
    "price":10.99,
    "unit_price":"$0.91\/oz",
    "sales_count":50.0,
    "image_url":"https:\/\/img08.weeecdn.net\/item\/image\/074\/568\/15A3C0027B07D43F.jpg!c560x560_q80.auto",
    "source_url":"https:\/\/www.sayweee.com\/en\/category\/meat"
  },
  {
    "category":"meat",
    "product_name":"Taiwan Style Garlic Sausage Frozen 12 oz",
    "price":9.49,
    "unit_price":"$0.79\/oz",
    "sales_count":50.0,
    "image_url":"https:\/\/img08.weeecdn.net\/product\/image\/249\/343\/383C646FCF8B5783.jpeg!c560x560_q80.auto",
    "source_url":"https:\/\/www.sayweee.com\/en\/category\/meat"
  },
  {
    "category":"meat",
    "product_name":"Prime Food Spicy Mini Cured Pork Patty Link, Frozen 284 g",
    "price":7.49,
    "unit_price":"$0.74\/oz",
    "sales_count":null,
    "image_url":"https:\/\/img08.weeecdn.net\/item\/image\/170\/966\/72B1418C91C21877.jpg!c560x560_q80.auto",
    "source_url":"https:\/\/www.sayweee.com\/en\/category\/meat"
  },
  {
    "category":"meat",
    "product_name":"Applegate Natural Uncured Turkey Bacon 8 oz",
    "price":6.29,
    "unit_price":"$0.78\/oz",
    "sales_count":null,
    "image_url":"https:\/\/img08.weeecdn.net\/product\/image\/774\/691\/6A80853F7B074A24.png!c560x560_q80.auto",
    "source_url":"https:\/\/www.sayweee.com\/en\/category\/meat"
  },
  {
    "category":"meat",
    "product_name":"Pampanga Chicken Tocino 12 oz",
    "price":5.99,
    "unit_price":"$0.49\/oz",
    "sales_count":50.0,
    "image_url":"https:\/\/img08.weeecdn.net\/product\/image\/615\/215\/75F088F686B85832.png!c560x560_q80.auto",
    "source_url":"https:\/\/www.sayweee.com\/en\/category\/meat"
  },
  {
    "category":"meat",
    "product_name":"Chunwei Hunan Style Uncooked Cured Pork, Frozen 454 g",
    "price":17.99,
    "unit_price":"$1.12\/oz",
    "sales_count":200.0,
    "image_url":"https:\/\/img08.weeecdn.net\/item\/image\/303\/054\/5B01CA5215B322D.jpg!c560x560_q80.auto",
    "source_url":"https:\/\/www.sayweee.com\/en\/category\/meat"
  },
  {
    "category":"meat",
    "product_name":"Manila's Ihawan Chicken Longanisa, Frozen 12 oz",
    "price":6.49,
    "unit_price":"$0.54\/oz",
    "sales_count":null,
    "image_url":"https:\/\/img08.weeecdn.net\/item\/image\/264\/812\/3AAA1957720D31A1.jpg!c560x560_q80.auto",
    "source_url":"https:\/\/www.sayweee.com\/en\/category\/meat"
  },
  {
    "category":"meat",
    "product_name":"Surasang Pork and Mozzarella Cheese Katsu Fritters, Frozen 340 g",
    "price":12.49,
    "unit_price":"$1.04\/oz",
    "sales_count":50.0,
    "image_url":"https:\/\/img08.weeecdn.net\/item\/image\/909\/992\/7863BCB4597AAB36.jpg!c560x560_q80.auto",
    "source_url":"https:\/\/www.sayweee.com\/en\/category\/meat"
  },
  {
    "category":"meat",
    "product_name":"Chicken Leg 1\/4's, Frozen 2 lb",
    "price":5.79,
    "unit_price":"$2.89\/lb",
    "sales_count":500.0,
    "image_url":"https:\/\/img08.weeecdn.net\/product\/image\/666\/226\/34A5B6FE4F23BA61.png!c560x560_q80.auto",
    "source_url":"https:\/\/www.sayweee.com\/en\/category\/meat"
  },
  {
    "category":"meat",
    "product_name":"USDA Prime Beef Short Ribs (KBBQ Style) 1.5 lb",
    "price":29.99,
    "unit_price":"$19.99\/lb",
    "sales_count":null,
    "image_url":"https:\/\/img08.weeecdn.net\/product\/image\/000\/697\/54D9FC73B0B6FE3E.png!c560x560_q80.auto",
    "source_url":"https:\/\/www.sayweee.com\/en\/category\/meat"
  },
  {
    "category":"meat",
    "product_name":"Applegate Grassfed The Great Organic Uncured Beef Hot Dog 10 oz",
    "price":8.99,
    "unit_price":"$0.89\/oz",
    "sales_count":50.0,
    "image_url":"https:\/\/img08.weeecdn.net\/product\/image\/991\/315\/3BE5A49C93E33A28.png!c560x560_q80.auto",
    "source_url":"https:\/\/www.sayweee.com\/en\/category\/meat"
  },
  {
    "category":"meat",
    "product_name":"USDA Choice Beef Short Plate Rib LA Style 1.5 lb",
    "price":21.99,
    "unit_price":"$14.66\/lb",
    "sales_count":null,
    "image_url":"https:\/\/img08.weeecdn.net\/product\/image\/938\/264\/7CA99321935F7667.png!c560x560_q80.auto",
    "source_url":"https:\/\/www.sayweee.com\/en\/category\/meat"
  },
  {
    "category":"meat",
    "product_name":"Iberico Pork Tenderloin 0.75-1 lb",
    "price":15.49,
    "unit_price":"$17.60\/lb",
    "sales_count":null,
    "image_url":"https:\/\/img08.weeecdn.net\/product\/image\/121\/861\/476ED832D8279974.png!c560x560_q80.auto",
    "source_url":"https:\/\/www.sayweee.com\/en\/category\/meat"
  },
  {
    "category":"meat",
    "product_name":"Gold Medal Marinated Pork Belly Tocino Style Frozen 12 oz",
    "price":8.99,
    "unit_price":"$0.74\/oz",
    "sales_count":null,
    "image_url":"https:\/\/img08.weeecdn.net\/product\/image\/383\/247\/3BBEEF2005EDBDC2.png!c560x560_q80.auto",
    "source_url":"https:\/\/www.sayweee.com\/en\/category\/meat"
  },
  {
    "category":"meat",
    "product_name":"Weiyee Taiwanese Sausage, Frozen 340 g",
    "price":13.49,
    "unit_price":"$1.12\/oz",
    "sales_count":100.0,
    "image_url":"https:\/\/img08.weeecdn.net\/product\/image\/391\/831\/308A2D0D130C447D.png!c560x560_q80.auto",
    "source_url":"https:\/\/www.sayweee.com\/en\/category\/meat"
  },
  {
    "category":"meat",
    "product_name":"Frozen Beef Scalded Aorta 1 lb",
    "price":7.79,
    "unit_price":"nan",
    "sales_count":800.0,
    "image_url":"https:\/\/img08.weeecdn.net\/product\/image\/415\/330\/687CF2E82DAA409B.png!c560x560_q80.auto",
    "source_url":"https:\/\/www.sayweee.com\/en\/category\/meat"
  },
  {
    "category":"meat",
    "product_name":"Sliced Pork Loin Strips, Frozen 1 lb",
    "price":6.29,
    "unit_price":"nan",
    "sales_count":700.0,
    "image_url":"https:\/\/img08.weeecdn.net\/product\/image\/127\/629\/F0A418A4159FFF2.png!c560x560_q80.auto",
    "source_url":"https:\/\/www.sayweee.com\/en\/category\/meat"
  },
  {
    "category":"meat",
    "product_name":"Beef Liver, 4 Individually Wrapped Slices, Frozen 1 lb",
    "price":4.99,
    "unit_price":"nan",
    "sales_count":100.0,
    "image_url":"https:\/\/img08.weeecdn.net\/product\/image\/838\/325\/658746BABAB56F38.png!c560x560_q80.auto",
    "source_url":"https:\/\/www.sayweee.com\/en\/category\/meat"
  },
  {
    "category":"meat",
    "product_name":"Red King Nanjing Style Salted Seasoned Duck 490 g",
    "price":25.99,
    "unit_price":"$1.50\/oz",
    "sales_count":null,
    "image_url":"https:\/\/img08.weeecdn.net\/item\/image\/603\/229\/7D5EB18DCD1450DB.png!c560x560_q80.auto",
    "source_url":"https:\/\/www.sayweee.com\/en\/category\/meat"
  },
  {
    "category":"meat",
    "product_name":"Korean Pork Bulgogi Spicy 1.25 lb",
    "price":7.99,
    "unit_price":"$6.39\/lb",
    "sales_count":300.0,
    "image_url":"https:\/\/img08.weeecdn.net\/product\/image\/115\/107\/7EEDAC810F22334E.png!c560x560_q80.auto",
    "source_url":"https:\/\/www.sayweee.com\/en\/category\/meat"
  },
  {
    "category":"meat",
    "product_name":"Goya Salchichon Salami 8 oz",
    "price":5.99,
    "unit_price":"$0.74\/oz",
    "sales_count":null,
    "image_url":"https:\/\/img08.weeecdn.net\/product\/image\/794\/669\/3C404B9F4F309187.jpeg!c560x560_q80.auto",
    "source_url":"https:\/\/www.sayweee.com\/en\/category\/meat"
  },
  {
    "category":"meat",
    "product_name":"Pork  Loin Chops Boneless, Frozen 1 lb",
    "price":5.49,
    "unit_price":"nan",
    "sales_count":500.0,
    "image_url":"https:\/\/img08.weeecdn.net\/product\/image\/843\/690\/3B877E53F374607A.jpeg!c560x560_q80.auto",
    "source_url":"https:\/\/www.sayweee.com\/en\/category\/meat"
  },
  {
    "category":"meat",
    "product_name":"Chinese Brand Uncured Bacon 8 oz",
    "price":8.49,
    "unit_price":"$1.06\/oz",
    "sales_count":null,
    "image_url":"https:\/\/img08.weeecdn.net\/product\/image\/825\/174\/48B989A110F2F9DF.png!c560x560_q80.auto",
    "source_url":"https:\/\/www.sayweee.com\/en\/category\/meat"
  },
  {
    "category":"meat",
    "product_name":"Martin Purefoods Jumbo Hot Dogs, Frozen 16 oz",
    "price":7.99,
    "unit_price":"$0.49\/oz",
    "sales_count":null,
    "image_url":"https:\/\/img08.weeecdn.net\/description\/image\/178\/939\/B4A8EA0A0490A85.png!c560x560_q80.auto",
    "source_url":"https:\/\/www.sayweee.com\/en\/category\/meat"
  },
  {
    "category":"meat",
    "product_name":"Venus Pork Meatballs, Frozen 8 oz",
    "price":4.49,
    "unit_price":"$0.56\/oz",
    "sales_count":200.0,
    "image_url":"https:\/\/img08.weeecdn.net\/item\/image\/388\/308\/6614D065505CDDD7.jpg!c560x560_q80.auto",
    "source_url":"https:\/\/www.sayweee.com\/en\/category\/meat"
  },
  {
    "category":"meat",
    "product_name":"USDA Choice Korean Beef Bulgogi Non-Spicy 1.25 lb",
    "price":8.99,
    "unit_price":"$7.19\/lb",
    "sales_count":500.0,
    "image_url":"https:\/\/img08.weeecdn.net\/product\/image\/189\/291\/2B2FF8817C7216BA.png!c560x560_q80.auto",
    "source_url":"https:\/\/www.sayweee.com\/en\/category\/meat"
  },
  {
    "category":"meat",
    "product_name":"100% Grass Fed Angus Beef Flank （Untrimmed）, Frozen 3 lb",
    "price":29.99,
    "unit_price":"$9.99\/lb",
    "sales_count":50.0,
    "image_url":"https:\/\/img08.weeecdn.net\/product\/image\/534\/477\/4508421C1F57D3DA.png!c560x560_q80.auto",
    "source_url":"https:\/\/www.sayweee.com\/en\/category\/meat"
  },
  {
    "category":"meat",
    "product_name":"Beef Scalded Aorta 5.29 oz",
    "price":5.99,
    "unit_price":"$18.15\/lb",
    "sales_count":400.0,
    "image_url":"https:\/\/img08.weeecdn.net\/product\/image\/915\/120\/35F59F3E9CF85B1A.png!c560x560_q80.auto",
    "source_url":"https:\/\/www.sayweee.com\/en\/category\/meat"
  },
  {
    "category":"meat",
    "product_name":"NF Berkshire Hickory-Smoked Uncured Bacon, frozen 8 oz",
    "price":7.79,
    "unit_price":"$15.58\/lb",
    "sales_count":200.0,
    "image_url":"https:\/\/img08.weeecdn.net\/product\/image\/266\/641\/5ECC92A6A5994B64.png!c560x560_q80.auto",
    "source_url":"https:\/\/www.sayweee.com\/en\/category\/meat"
  },
  {
    "category":"meat",
    "product_name":"Szechuan Style Pork Sausage, Original 226 g",
    "price":12.99,
    "unit_price":"$1.62\/oz",
    "sales_count":null,
    "image_url":"https:\/\/img08.weeecdn.net\/item\/image\/999\/035\/12BAC9D072B2ED8F.jpg!c560x560_q80.auto",
    "source_url":"https:\/\/www.sayweee.com\/en\/category\/meat"
  },
  {
    "category":"meat",
    "product_name":"Wei-Chuan Pork Meatballs, Frozen 8 oz",
    "price":5.49,
    "unit_price":"$0.68\/oz",
    "sales_count":200.0,
    "image_url":"https:\/\/img08.weeecdn.net\/item\/image\/706\/413\/7E8B98EE9D50FA60.jpg!c560x560_q80.auto",
    "source_url":"https:\/\/www.sayweee.com\/en\/category\/meat"
  },
  {
    "category":"meat",
    "product_name":"Prime Food Mini Pork Patty Link with Corn, Frozen 284 g",
    "price":7.49,
    "unit_price":"$0.74\/oz",
    "sales_count":200.0,
    "image_url":"https:\/\/img08.weeecdn.net\/item\/image\/739\/767\/3D8DE5BF8E99773E.jpg!c560x560_q80.auto",
    "source_url":"https:\/\/www.sayweee.com\/en\/category\/meat"
  },
  {
    "category":"meat",
    "product_name":"Ground Turkey, Frozen 1 lb",
    "price":4.49,
    "unit_price":"nan",
    "sales_count":100.0,
    "image_url":"https:\/\/img08.weeecdn.net\/product\/image\/053\/452\/77B89D7A9189DA50.png!c560x560_q80.auto",
    "source_url":"https:\/\/www.sayweee.com\/en\/category\/meat"
  },
  {
    "category":"meat",
    "product_name":"Lamb Shoulder Chops Bone-In Frozen 2 lb",
    "price":16.49,
    "unit_price":"$8.24\/lb",
    "sales_count":null,
    "image_url":"https:\/\/img08.weeecdn.net\/product\/image\/713\/973\/353476CC5DB92EF5.png!c560x560_q80.auto",
    "source_url":"https:\/\/www.sayweee.com\/en\/category\/meat"
  },
  {
    "category":"meat",
    "product_name":"Boneless Beef Chuck Short Ribs （BBQ\/Grill) 1.5 lb",
    "price":25.99,
    "unit_price":"$17.32\/lb",
    "sales_count":50.0,
    "image_url":"https:\/\/img08.weeecdn.net\/product\/image\/401\/624\/6D529E67335CAD1.png!c560x560_q80.auto",
    "source_url":"https:\/\/www.sayweee.com\/en\/category\/meat"
  },
  {
    "category":"meat",
    "product_name":"Sliced Beef Omasum Tripe (White) 5.29 oz",
    "price":5.99,
    "unit_price":"$18.15\/lb",
    "sales_count":200.0,
    "image_url":"https:\/\/img08.weeecdn.net\/product\/image\/182\/023\/41558C1CA47F2580.png!c560x560_q80.auto",
    "source_url":"https:\/\/www.sayweee.com\/en\/category\/meat"
  },
  {
    "category":"meat",
    "product_name":"RA's Farm Beef with Mushroom Sauce 185 g",
    "price":5.49,
    "unit_price":"$0.84\/oz",
    "sales_count":null,
    "image_url":"https:\/\/img08.weeecdn.net\/product\/image\/097\/060\/A06944C4A5F43C7.png!c560x560_q80.auto",
    "source_url":"https:\/\/www.sayweee.com\/en\/category\/meat"
  },
  {
    "category":"meat",
    "product_name":"Thin Sliced Chicken Cutlets Frozen 1.5 lb",
    "price":10.99,
    "unit_price":"$7.32\/lb",
    "sales_count":50.0,
    "image_url":"https:\/\/img08.weeecdn.net\/product\/image\/565\/432\/7C38D701748D0D5B.png!c560x560_q80.auto",
    "source_url":"https:\/\/www.sayweee.com\/en\/category\/meat"
  },
  {
    "category":"meat",
    "product_name":"[CJ] Vienna Original Smoked Sausage (frozen) 340g 340 g",
    "price":8.29,
    "unit_price":"$0.69\/oz",
    "sales_count":null,
    "image_url":"https:\/\/img08.weeecdn.net\/product\/image\/159\/817\/269DE7773F06C7A2.png!c560x560_q80.auto",
    "source_url":"https:\/\/www.sayweee.com\/en\/category\/meat"
  },
  {
    "category":"meat",
    "product_name":"Tomorokoshi Premium Pork Katarosu (Collar) Slice, 6mm 1 lb",
    "price":12.49,
    "unit_price":"nan",
    "sales_count":100.0,
    "image_url":"https:\/\/img08.weeecdn.net\/product\/image\/206\/513\/151C37EE42BDF95F.png!c560x560_q80.auto",
    "source_url":"https:\/\/www.sayweee.com\/en\/category\/meat"
  },
  {
    "category":"meat",
    "product_name":"Martin Purefoods Beef Tapa Quick Fry, Frozen 16 oz",
    "price":10.99,
    "unit_price":"$0.68\/oz",
    "sales_count":100.0,
    "image_url":"https:\/\/img08.weeecdn.net\/description\/image\/497\/314\/4A259FD79C853E4B.png!c560x560_q80.auto",
    "source_url":"https:\/\/www.sayweee.com\/en\/category\/meat"
  },
  {
    "category":"meat",
    "product_name":"American Wagyu Beef Chuck Eye Roll Thin Slice 2mm 1 lb",
    "price":21.99,
    "unit_price":"nan",
    "sales_count":50.0,
    "image_url":"https:\/\/img08.weeecdn.net\/product\/image\/855\/152\/C0D6C714BCFFBF4.png!c560x560_q80.auto",
    "source_url":"https:\/\/www.sayweee.com\/en\/category\/meat"
  },
  {
    "category":"meat",
    "product_name":"Pork Tenderloin, Frozen 1 lb",
    "price":7.49,
    "unit_price":"nan",
    "sales_count":100.0,
    "image_url":"https:\/\/img08.weeecdn.net\/product\/image\/310\/414\/2F6B8C277E97DF15.png!c560x560_q80.auto",
    "source_url":"https:\/\/www.sayweee.com\/en\/category\/meat"
  },
  {
    "category":"meat",
    "product_name":"FOODIE Korean Style Pork, Beef & Vegetable Patty 16 oz",
    "price":12.49,
    "unit_price":"$0.78\/oz",
    "sales_count":400.0,
    "image_url":"https:\/\/img08.weeecdn.net\/product\/image\/115\/065\/4A89566E1C41831B.png!c560x560_q80.auto",
    "source_url":"https:\/\/www.sayweee.com\/en\/category\/meat"
  },
  {
    "category":"meat",
    "product_name":"Maruchan Fish Cake Sausage 2.99 oz*3 counts",
    "price":4.49,
    "unit_price":"$0.50\/oz",
    "sales_count":200.0,
    "image_url":"https:\/\/img08.weeecdn.net\/product\/image\/257\/580\/29ED960BA7EA7ECA.png!c560x560_q80.auto",
    "source_url":"https:\/\/www.sayweee.com\/en\/category\/meat"
  },
  {
    "category":"meat",
    "product_name":"Sliced Pork Loin Curl Frozen 0.8 lb",
    "price":6.79,
    "unit_price":"$8.48\/lb",
    "sales_count":100.0,
    "image_url":"https:\/\/img08.weeecdn.net\/product\/image\/526\/614\/16F5D23E5B343D0B.png!c560x560_q80.auto",
    "source_url":"https:\/\/www.sayweee.com\/en\/category\/meat"
  },
  {
    "category":"meat",
    "product_name":"Kim Son Beef Meatballs with Chicken, Frozen 283 g",
    "price":6.79,
    "unit_price":"$0.67\/oz",
    "sales_count":100.0,
    "image_url":"https:\/\/img08.weeecdn.net\/product\/image\/957\/056\/5BE54D1B10468782.jpeg!c560x560_q80.auto",
    "source_url":"https:\/\/www.sayweee.com\/en\/category\/meat"
  },
  {
    "category":"meat",
    "product_name":"Flamingo Pork Meat Paste 12 oz",
    "price":6.29,
    "unit_price":"$0.52\/oz",
    "sales_count":200.0,
    "image_url":"https:\/\/img08.weeecdn.net\/item\/image\/807\/915\/4DF499A86A69C9ED.jpg!c560x560_q80.auto",
    "source_url":"https:\/\/www.sayweee.com\/en\/category\/meat"
  },
  {
    "category":"meat",
    "product_name":"Premium Berkshire Ground Pork 1 lb",
    "price":6.79,
    "unit_price":"nan",
    "sales_count":100.0,
    "image_url":"https:\/\/img08.weeecdn.net\/product\/image\/336\/106\/5E7941FFC1C29188.png!c560x560_q80.auto",
    "source_url":"https:\/\/www.sayweee.com\/en\/category\/meat"
  },
  {
    "category":"meat",
    "product_name":"Wang Korea Pork Sausage& Organ Meat Assortment 16.4 oz",
    "price":26.99,
    "unit_price":"$1.64\/oz",
    "sales_count":null,
    "image_url":"https:\/\/img08.weeecdn.net\/product\/image\/094\/462\/3B306BD30C29F55F.png!c560x560_q80.auto",
    "source_url":"https:\/\/www.sayweee.com\/en\/category\/meat"
  },
  {
    "category":"meat",
    "product_name":"Berkshire Pork  bone Cut  Frozen 3 lb",
    "price":10.99,
    "unit_price":"$3.66\/lb",
    "sales_count":100.0,
    "image_url":"https:\/\/img08.weeecdn.net\/product\/image\/234\/585\/7D972AC8293599D2.jpeg!c560x560_q80.auto",
    "source_url":"https:\/\/www.sayweee.com\/en\/category\/meat"
  },
  {
    "category":"meat",
    "product_name":"Pork Back\/ Loin Bone Frozen 4 lb",
    "price":13.49,
    "unit_price":"$3.37\/lb",
    "sales_count":300.0,
    "image_url":"https:\/\/img08.weeecdn.net\/product\/image\/680\/088\/E9A242547BB03AC.png!c560x560_q80.auto",
    "source_url":"https:\/\/www.sayweee.com\/en\/category\/meat"
  },
  {
    "category":"meat",
    "product_name":"Venus Beef Meatball, Frozen 8 oz",
    "price":5.99,
    "unit_price":"$0.74\/oz",
    "sales_count":50.0,
    "image_url":"https:\/\/img08.weeecdn.net\/product\/image\/756\/210\/3E3AA56CBCB73D13.png!c560x560_q80.auto",
    "source_url":"https:\/\/www.sayweee.com\/en\/category\/meat"
  },
  {
    "category":"meat",
    "product_name":"Three Meals a Day Mini Cured Pork Patty Link, Frozen 284 g",
    "price":5.99,
    "unit_price":"$0.59\/oz",
    "sales_count":50.0,
    "image_url":"https:\/\/img08.weeecdn.net\/product\/image\/986\/201\/3ECDB2F06451F54E.png!c560x560_q80.auto",
    "source_url":"https:\/\/www.sayweee.com\/en\/category\/meat"
  },
  {
    "category":"meat",
    "product_name":"Pork Single Rib Belly Sliced  (BBQ Cuts) Frozen 2 lb",
    "price":14.99,
    "unit_price":"$7.49\/lb",
    "sales_count":200.0,
    "image_url":"https:\/\/img08.weeecdn.net\/product\/image\/863\/587\/61FC7B08D8362EFC.png!c560x560_q80.auto",
    "source_url":"https:\/\/www.sayweee.com\/en\/category\/meat"
  },
  {
    "category":"meat",
    "product_name":"Beksul Bulgogi Flavored Smoked Vienna Sausage Frozen 340 g",
    "price":8.99,
    "unit_price":"$0.74\/oz",
    "sales_count":null,
    "image_url":"https:\/\/img08.weeecdn.net\/product\/image\/486\/292\/35EB5C73ADBA3EFF.png!c560x560_q80.auto",
    "source_url":"https:\/\/www.sayweee.com\/en\/category\/meat"
  },
  {
    "category":"meat",
    "product_name":"KamYenJan Chicken Pork Sausage 14 oz",
    "price":8.79,
    "unit_price":"$0.62\/oz",
    "sales_count":50.0,
    "image_url":"https:\/\/img08.weeecdn.net\/product\/image\/269\/361\/570D3AC3415F4D9.png!c560x560_q80.auto",
    "source_url":"https:\/\/www.sayweee.com\/en\/category\/meat"
  },
  {
    "category":"meat",
    "product_name":"Skin on Pork Belly Frozen 2 lb",
    "price":13.99,
    "unit_price":"$6.99\/lb",
    "sales_count":50.0,
    "image_url":"https:\/\/img08.weeecdn.net\/product\/image\/689\/047\/6D52D67635EE8843.png!c560x560_q80.auto",
    "source_url":"https:\/\/www.sayweee.com\/en\/category\/meat"
  },
  {
    "category":"meat",
    "product_name":"Myriad Food-Cured Pork for BBQ with Shrimp Added 14 oz",
    "price":8.29,
    "unit_price":"$0.59\/oz",
    "sales_count":100.0,
    "image_url":"https:\/\/img08.weeecdn.net\/product\/image\/781\/874\/1501C82259B4F741.png!c560x560_q80.auto",
    "source_url":"https:\/\/www.sayweee.com\/en\/category\/meat"
  },
  {
    "category":"meat",
    "product_name":"Long Phung Raw Pork Patty, Frozen 14 oz",
    "price":6.99,
    "unit_price":"$0.49\/oz",
    "sales_count":200.0,
    "image_url":"https:\/\/img08.weeecdn.net\/product\/image\/048\/501\/271C3642C06AFF21.png!c560x560_q80.auto",
    "source_url":"https:\/\/www.sayweee.com\/en\/category\/meat"
  },
  {
    "category":"meat",
    "product_name":"Japanese A5 Wagyu Beef Patties 4 pc. 1 lb",
    "price":19.99,
    "unit_price":"nan",
    "sales_count":null,
    "image_url":"https:\/\/img08.weeecdn.net\/product\/image\/333\/926\/88D426894BC9658.png!c560x560_q80.auto",
    "source_url":"https:\/\/www.sayweee.com\/en\/category\/meat"
  },
  {
    "category":"meat",
    "product_name":"Wang Korea Fish Cake Sausages Crab Flavor 10ct 340 g",
    "price":6.49,
    "unit_price":"$0.54\/oz",
    "sales_count":100.0,
    "image_url":"https:\/\/img08.weeecdn.net\/item\/image\/741\/790\/6933A597DD2A3D54.jpg!c560x560_q80.auto",
    "source_url":"https:\/\/www.sayweee.com\/en\/category\/meat"
  },
  {
    "category":"meat",
    "product_name":"Wang Korea Korean Fish Cakes for Kids 20pk 408 g",
    "price":8.49,
    "unit_price":"$0.58\/oz",
    "sales_count":null,
    "image_url":"https:\/\/img08.weeecdn.net\/product\/image\/247\/196\/2EF9999176A40CFD.png!c560x560_q80.auto",
    "source_url":"https:\/\/www.sayweee.com\/en\/category\/meat"
  },
  {
    "category":"meat",
    "product_name":"Berkshire Pork Feet Cube Cut, Frozen 4 lb",
    "price":20.99,
    "unit_price":"$5.24\/lb",
    "sales_count":200.0,
    "image_url":"https:\/\/img08.weeecdn.net\/product\/image\/922\/226\/67911C5F3610D888.png!c560x560_q80.auto",
    "source_url":"https:\/\/www.sayweee.com\/en\/category\/meat"
  },
  {
    "category":"meat",
    "product_name":"Australia Lamb Flap Bone-In Ribs for Stew, Frozen 3 lb",
    "price":32.99,
    "unit_price":"$10.99\/lb",
    "sales_count":200.0,
    "image_url":"https:\/\/img08.weeecdn.net\/product\/image\/721\/435\/53F39D5EC30F8715.png!c560x560_q80.auto",
    "source_url":"https:\/\/www.sayweee.com\/en\/category\/meat"
  },
  {
    "category":"meat",
    "product_name":"Venus Taiwanese Sausage, Frozen 12 oz",
    "price":7.99,
    "unit_price":"$0.66\/oz",
    "sales_count":50.0,
    "image_url":"https:\/\/img08.weeecdn.net\/item\/image\/436\/340\/32FABBD8C1CA4BD0.jpg!c560x560_q80.auto",
    "source_url":"https:\/\/www.sayweee.com\/en\/category\/meat"
  },
  {
    "category":"meat",
    "product_name":"Marinated Lamb Kebabs with Seasoning for BBQ 12 oz",
    "price":15.99,
    "unit_price":"$21.32\/lb",
    "sales_count":50.0,
    "image_url":"https:\/\/img08.weeecdn.net\/product\/image\/100\/746\/3717407AFFF48A15.png!c560x560_q80.auto",
    "source_url":"https:\/\/www.sayweee.com\/en\/category\/meat"
  },
  {
    "category":"meat",
    "product_name":"SB Food Seasoned Sliced Beef Loin, Frozen 12 oz",
    "price":10.99,
    "unit_price":"$14.65\/lb",
    "sales_count":null,
    "image_url":"https:\/\/img08.weeecdn.net\/product\/image\/318\/918\/1FF32224BA90DAB7.png!c560x560_q80.auto",
    "source_url":"https:\/\/www.sayweee.com\/en\/category\/meat"
  },
  {
    "category":"meat",
    "product_name":"Magnolia Chicken Longanisa, Frozen 12 oz",
    "price":5.99,
    "unit_price":"$0.49\/oz",
    "sales_count":50.0,
    "image_url":"https:\/\/img08.weeecdn.net\/item\/image\/544\/929\/42D3CEF24186A1B2.jpg!c560x560_q80.auto",
    "source_url":"https:\/\/www.sayweee.com\/en\/category\/meat"
  },
  {
    "category":"meat",
    "product_name":"Wagyu Blended Ground Beef 1 lb",
    "price":16.99,
    "unit_price":"nan",
    "sales_count":null,
    "image_url":"https:\/\/img08.weeecdn.net\/product\/image\/738\/744\/4BF3F582C5C2576A.png!c560x560_q80.auto",
    "source_url":"https:\/\/www.sayweee.com\/en\/category\/meat"
  },
  {
    "category":"meat",
    "product_name":"Taste of Japan Japanese Pork Coarse Sausage 8 oz",
    "price":6.29,
    "unit_price":"$0.78\/oz",
    "sales_count":100.0,
    "image_url":"https:\/\/img08.weeecdn.net\/item\/image\/255\/430\/75FB993ADA352412.jpg!c560x560_q80.auto",
    "source_url":"https:\/\/www.sayweee.com\/en\/category\/meat"
  },
  {
    "category":"meat",
    "product_name":"Iberico Pork Back Bone 2-2.3 lb",
    "price":9.99,
    "unit_price":"$4.64\/lb",
    "sales_count":50.0,
    "image_url":"https:\/\/img08.weeecdn.net\/product\/image\/076\/317\/46B2DC2610DC1AFF.png!c560x560_q80.auto",
    "source_url":"https:\/\/www.sayweee.com\/en\/category\/meat"
  },
  {
    "category":"meat",
    "product_name":"Premium Beef Short Ribs LA Style, Frozen 1.5 lb",
    "price":26.99,
    "unit_price":"$17.99\/lb",
    "sales_count":200.0,
    "image_url":"https:\/\/img08.weeecdn.net\/product\/image\/880\/389\/7397AD54103A8615.png!c560x560_q80.auto",
    "source_url":"https:\/\/www.sayweee.com\/en\/category\/meat"
  },
  {
    "category":"meat",
    "product_name":"Martin Purefoods Bite Size Hot Dog Franks with Cheese, Frozen 16 oz",
    "price":7.49,
    "unit_price":"$0.46\/oz",
    "sales_count":null,
    "image_url":"https:\/\/img08.weeecdn.net\/description\/image\/123\/409\/2F76370EF79338D1.png!c560x560_q80.auto",
    "source_url":"https:\/\/www.sayweee.com\/en\/category\/meat"
  },
  {
    "category":"meat",
    "product_name":"El Gran Chaparral Chicharron Prensado 1 lb",
    "price":7.99,
    "unit_price":"$0.49\/oz",
    "sales_count":300.0,
    "image_url":"https:\/\/img08.weeecdn.net\/product\/image\/163\/594\/110BE8191A3AB67C.png!c560x560_q80.auto",
    "source_url":"https:\/\/www.sayweee.com\/en\/category\/meat"
  },
  {
    "category":"meat",
    "product_name":"Long Phung Fried Pork Skin Patty 14 oz",
    "price":9.29,
    "unit_price":"$0.66\/oz",
    "sales_count":100.0,
    "image_url":"https:\/\/img08.weeecdn.net\/product\/image\/067\/860\/634FC14E10442BCE.png!c560x560_q80.auto",
    "source_url":"https:\/\/www.sayweee.com\/en\/category\/meat"
  },
  {
    "category":"meat",
    "product_name":"Applegate Uncured Black Forest Ham Slices 7 oz",
    "price":7.99,
    "unit_price":"$1.14\/oz",
    "sales_count":200.0,
    "image_url":"https:\/\/img08.weeecdn.net\/item\/image\/892\/883\/451E2C10FFBBE6CD.jpg!c560x560_q80.auto",
    "source_url":"https:\/\/www.sayweee.com\/en\/category\/meat"
  },
  {
    "category":"meat",
    "product_name":"Fud Original Cooked Ham 10 oz",
    "price":4.49,
    "unit_price":"$0.44\/oz",
    "sales_count":100.0,
    "image_url":"https:\/\/img08.weeecdn.net\/product\/image\/814\/667\/7C6D9642DD06095E.png!c560x560_q80.auto",
    "source_url":"https:\/\/www.sayweee.com\/en\/category\/meat"
  },
  {
    "category":"meat",
    "product_name":"Iberico Pork Spareribs 2.2-2.6 lb",
    "price":25.29,
    "unit_price":"$10.53\/lb",
    "sales_count":null,
    "image_url":"https:\/\/img08.weeecdn.net\/product\/image\/180\/858\/75E8A15C35BD48CF.png!c560x560_q80.auto",
    "source_url":"https:\/\/www.sayweee.com\/en\/category\/meat"
  },
  {
    "category":"meat",
    "product_name":"Wang Ge Dry Spicy Sausage 0.5 lb",
    "price":12.99,
    "unit_price":"$1.62\/oz",
    "sales_count":100.0,
    "image_url":"https:\/\/img08.weeecdn.net\/product\/image\/469\/046\/6C58BEF0C2EFDB18.png!c560x560_q80.auto",
    "source_url":"https:\/\/www.sayweee.com\/en\/category\/meat"
  },
  {
    "category":"meat",
    "product_name":"Long Phung Fried Cinnamon Pork Patty, Frozen 14 oz",
    "price":8.79,
    "unit_price":"$0.62\/oz",
    "sales_count":100.0,
    "image_url":"https:\/\/img08.weeecdn.net\/product\/image\/020\/847\/489AC0489D116887.png!c560x560_q80.auto",
    "source_url":"https:\/\/www.sayweee.com\/en\/category\/meat"
  },
  {
    "category":"meat",
    "product_name":"Three Meals a Day Mini Cured Chicken Patty Link with Corn, Frozen 284 g",
    "price":5.99,
    "unit_price":"$0.59\/oz",
    "sales_count":null,
    "image_url":"https:\/\/img08.weeecdn.net\/product\/image\/928\/635\/2DE4B19E12C5695B.png!c560x560_q80.auto",
    "source_url":"https:\/\/www.sayweee.com\/en\/category\/meat"
  },
  {
    "category":"meat",
    "product_name":"Hugo Foods Pork Meatballs Frozen 1 lb",
    "price":11.49,
    "unit_price":"$0.71\/oz",
    "sales_count":100.0,
    "image_url":"https:\/\/img08.weeecdn.net\/product\/image\/192\/649\/4A81AD2E8DF6E0DC.png!c560x560_q80.auto",
    "source_url":"https:\/\/www.sayweee.com\/en\/category\/meat"
  },
  {
    "category":"meat",
    "product_name":"Yushang Smoked Seasoned Pork Hocks 1.2-1.5 lb",
    "price":15.99,
    "unit_price":"$0.74\/oz",
    "sales_count":null,
    "image_url":"https:\/\/img08.weeecdn.net\/item\/image\/425\/472\/78C6E1338711A91B.jpg!c560x560_q80.auto",
    "source_url":"https:\/\/www.sayweee.com\/en\/category\/meat"
  },
  {
    "category":"meat",
    "product_name":"Long Phung Cooked Pork Skin Patty Roll 14 oz",
    "price":9.29,
    "unit_price":"$0.66\/oz",
    "sales_count":100.0,
    "image_url":"https:\/\/img08.weeecdn.net\/product\/image\/782\/189\/745D3CF0CE0E3E22.png!c560x560_q80.auto",
    "source_url":"https:\/\/www.sayweee.com\/en\/category\/meat"
  },
  {
    "category":"meat",
    "product_name":"Imported Whole Rabbit (Catch Weight) 2.5-3 lb",
    "price":24.99,
    "unit_price":"$9.08\/lb",
    "sales_count":null,
    "image_url":"https:\/\/img08.weeecdn.net\/product\/image\/746\/134\/4CE90C45C92CAA75.png!c560x560_q80.auto",
    "source_url":"https:\/\/www.sayweee.com\/en\/category\/meat"
  },
  {
    "category":"meat",
    "product_name":"Hugo Foods Taiwan Style Pork and Mushroom Meatball Frozen 12 oz",
    "price":9.49,
    "unit_price":"$0.79\/oz",
    "sales_count":null,
    "image_url":"https:\/\/img08.weeecdn.net\/product\/image\/036\/198\/2F495579CA4325FE.jpeg!c560x560_q80.auto",
    "source_url":"https:\/\/www.sayweee.com\/en\/category\/meat"
  },
  {
    "category":"meat",
    "product_name":"El Sureño Foods Pork Al Pastor 32 oz",
    "price":6.69,
    "unit_price":"$0.20\/oz",
    "sales_count":100.0,
    "image_url":"https:\/\/img08.weeecdn.net\/product\/image\/352\/678\/2FFCC8C3800BEBF3.png!c560x560_q80.auto",
    "source_url":"https:\/\/www.sayweee.com\/en\/category\/meat"
  },
  {
    "category":"meat",
    "product_name":"Picanha – Small Size, Fat-On Sirloin Rump Cap 2.5-3 lb",
    "price":42.99,
    "unit_price":"$15.63\/lb",
    "sales_count":300.0,
    "image_url":"https:\/\/img08.weeecdn.net\/product\/image\/667\/755\/28529A6407E97289.png!c560x560_q80.auto",
    "source_url":"https:\/\/www.sayweee.com\/en\/category\/meat"
  },
  {
    "category":"meat",
    "product_name":"Pork Cushion Meat, Frozen 3 lb",
    "price":12.99,
    "unit_price":"$4.33\/lb",
    "sales_count":null,
    "image_url":"https:\/\/img08.weeecdn.net\/product\/image\/266\/006\/45658EBB67B2474C.png!c560x560_q80.auto",
    "source_url":"https:\/\/www.sayweee.com\/en\/category\/meat"
  },
  {
    "category":"meat",
    "product_name":"J-Basket Birkshire mini Pork Sausage, Frozen 10 oz",
    "price":8.99,
    "unit_price":"$0.89\/oz",
    "sales_count":50.0,
    "image_url":"https:\/\/img08.weeecdn.net\/item\/image\/432\/136\/66955390BCAD00EC.jpg!c560x560_q80.auto",
    "source_url":"https:\/\/www.sayweee.com\/en\/category\/meat"
  },
  {
    "category":"meat",
    "product_name":"Pork Rib Strips, Frozen 1.5 lb",
    "price":6.59,
    "unit_price":"$4.39\/lb",
    "sales_count":null,
    "image_url":"https:\/\/img08.weeecdn.net\/product\/image\/968\/693\/669F91CCF1B8E4AF.png!c560x560_q80.auto",
    "source_url":"https:\/\/www.sayweee.com\/en\/category\/meat"
  },
  {
    "category":"meat",
    "product_name":"Pampanga Spicy Chorizo de Cebu 1 oz",
    "price":6.49,
    "unit_price":"nan",
    "sales_count":50.0,
    "image_url":"https:\/\/img08.weeecdn.net\/product\/image\/203\/106\/4487D6EAD977D965.png!c560x560_q80.auto",
    "source_url":"https:\/\/www.sayweee.com\/en\/category\/meat"
  },
  {
    "category":"meat",
    "product_name":"Meister Japanese Sliced Pork Loin Ham 6 oz",
    "price":7.49,
    "unit_price":"$1.24\/oz",
    "sales_count":null,
    "image_url":"https:\/\/img08.weeecdn.net\/product\/image\/117\/928\/14FF990E556B017.jpeg!c560x560_q80.auto",
    "source_url":"https:\/\/www.sayweee.com\/en\/category\/meat"
  },
  {
    "category":"meat",
    "product_name":"Sanmaruko Corn Croquette 8pcs, Frozen 15.51 oz",
    "price":5.79,
    "unit_price":"$0.37\/oz",
    "sales_count":100.0,
    "image_url":"https:\/\/img08.weeecdn.net\/product\/image\/099\/836\/3309495A23C5BAD8.png!c560x560_q80.auto",
    "source_url":"https:\/\/www.sayweee.com\/en\/category\/meat"
  },
  {
    "category":"meat",
    "product_name":"Turkey Valley Farms Young Turkey, Frozen 10-14 lb",
    "price":29.99,
    "unit_price":"$2.49\/lb",
    "sales_count":null,
    "image_url":"https:\/\/img08.weeecdn.net\/product\/image\/877\/252\/3A3D7B3B68F484E.png!c560x560_q80.auto",
    "source_url":"https:\/\/www.sayweee.com\/en\/category\/meat"
  },
  {
    "category":"meat",
    "product_name":"Applegate Organic Oven Roasted Turkey Breast Slices 6 oz",
    "price":9.49,
    "unit_price":"$1.58\/oz",
    "sales_count":null,
    "image_url":"https:\/\/img08.weeecdn.net\/item\/image\/339\/340\/2882ADC213E58D40.jpg!c560x560_q80.auto",
    "source_url":"https:\/\/www.sayweee.com\/en\/category\/meat"
  },
  {
    "category":"meat",
    "product_name":"Iberico Pork Baby Back Ribs 0.8-1.2 lb",
    "price":16.49,
    "unit_price":"nan",
    "sales_count":null,
    "image_url":"https:\/\/img08.weeecdn.net\/product\/image\/372\/467\/36802D1EEA326C8E.png!c560x560_q80.auto",
    "source_url":"https:\/\/www.sayweee.com\/en\/category\/meat"
  },
  {
    "category":"meat",
    "product_name":"Wang Ge Authentic Sichuan Bacon 1 lb",
    "price":19.99,
    "unit_price":"$1.24\/oz",
    "sales_count":null,
    "image_url":"https:\/\/img08.weeecdn.net\/item\/image\/483\/582\/2FB04C0C1E030842.jpg!c560x560_q80.auto",
    "source_url":"https:\/\/www.sayweee.com\/en\/category\/meat"
  },
  {
    "category":"meat",
    "product_name":"KamYenJan Chinese Style Cured Pork Strips 350 g",
    "price":10.99,
    "unit_price":"$0.88\/oz",
    "sales_count":null,
    "image_url":"https:\/\/img08.weeecdn.net\/item\/image\/158\/641\/88A94E884A97C36.jpg!c560x560_q80.auto",
    "source_url":"https:\/\/www.sayweee.com\/en\/category\/meat"
  },
  {
    "category":"meat",
    "product_name":"Hugo Foods Taiwanese Sausage, Frozen 1 lb",
    "price":12.49,
    "unit_price":"$0.78\/oz",
    "sales_count":null,
    "image_url":"https:\/\/img08.weeecdn.net\/product\/image\/945\/844\/748A15D4EE7A4FA7.png!c560x560_q80.auto",
    "source_url":"https:\/\/www.sayweee.com\/en\/category\/meat"
  },
  {
    "category":"meat",
    "product_name":"Imperial American Wagyu Tenderloin Cubes 6 oz",
    "price":12.99,
    "unit_price":"$34.18\/lb",
    "sales_count":null,
    "image_url":"https:\/\/img08.weeecdn.net\/product\/image\/071\/911\/41DA7D4B7384982C.png!c560x560_q80.auto",
    "source_url":"https:\/\/www.sayweee.com\/en\/category\/meat"
  },
  {
    "category":"meat",
    "product_name":"El Sureño Foods Salvadoran Premium Pork Chorizo 32 oz",
    "price":9.99,
    "unit_price":"$0.31\/oz",
    "sales_count":50.0,
    "image_url":"https:\/\/img08.weeecdn.net\/product\/image\/949\/548\/1F55542F3A054927.png!c560x560_q80.auto",
    "source_url":"https:\/\/www.sayweee.com\/en\/category\/meat"
  },
  {
    "category":"meat",
    "product_name":"FOODIE Korean Style Meat Patties & Demi-glace Sauce 12 oz",
    "price":10.99,
    "unit_price":"$0.91\/oz",
    "sales_count":50.0,
    "image_url":"https:\/\/img08.weeecdn.net\/product\/image\/641\/962\/5B84622A8292AD5C.png!c560x560_q80.auto",
    "source_url":"https:\/\/www.sayweee.com\/en\/category\/meat"
  },
  {
    "category":"meat",
    "product_name":"Farmer John Lard 4 lb",
    "price":14.99,
    "unit_price":"$0.23\/oz",
    "sales_count":50.0,
    "image_url":"https:\/\/img08.weeecdn.net\/product\/image\/906\/439\/55FA922AE1A7DA52.png!c560x560_q80.auto",
    "source_url":"https:\/\/www.sayweee.com\/en\/category\/meat"
  },
  {
    "category":"meat",
    "product_name":"Wang Korea BBQ Bong Korean Fish Sausage, Barbecue Flavor 10ct 340 g",
    "price":6.79,
    "unit_price":"$0.56\/oz",
    "sales_count":null,
    "image_url":"https:\/\/img08.weeecdn.net\/item\/image\/074\/740\/689345B2B45E5FE4.jpg!c560x560_q80.auto",
    "source_url":"https:\/\/www.sayweee.com\/en\/category\/meat"
  },
  {
    "category":"meat",
    "product_name":"FOODIE One Bite! Pork Patty Fritter, Mini Pork Cutlet 16 oz",
    "price":10.99,
    "unit_price":"$0.68\/oz",
    "sales_count":100.0,
    "image_url":"https:\/\/img08.weeecdn.net\/product\/image\/353\/868\/14BCA7C10A02AA48.png!c560x560_q80.auto",
    "source_url":"https:\/\/www.sayweee.com\/en\/category\/meat"
  },
  {
    "category":"meat",
    "product_name":"Premium Beef Kalbi 1.5 lb",
    "price":31.99,
    "unit_price":"$21.32\/lb",
    "sales_count":null,
    "image_url":"https:\/\/img08.weeecdn.net\/product\/image\/254\/800\/23B13578642E94F9.png!c560x560_q80.auto",
    "source_url":"https:\/\/www.sayweee.com\/en\/category\/meat"
  },
  {
    "category":"meat",
    "product_name":"Fud Turkey Franks 40 oz",
    "price":7.99,
    "unit_price":"$0.19\/oz",
    "sales_count":null,
    "image_url":"https:\/\/img08.weeecdn.net\/product\/image\/554\/055\/4858CC1CD82287F2.jpeg!c560x560_q80.auto",
    "source_url":"https:\/\/www.sayweee.com\/en\/category\/meat"
  },
  {
    "category":"meat",
    "product_name":"KBBQ Spicy Sliced Pork for Bulgogi, Frozen 16 oz",
    "price":8.99,
    "unit_price":"nan",
    "sales_count":null,
    "image_url":"https:\/\/img08.weeecdn.net\/item\/image\/448\/792\/48FA441EFF256EAA.png!c560x560_q80.auto",
    "source_url":"https:\/\/www.sayweee.com\/en\/category\/meat"
  },
  {
    "category":"meat",
    "product_name":"Linguica Toscana Brazilian Sausage 14 oz",
    "price":6.29,
    "unit_price":"$0.44\/oz",
    "sales_count":400.0,
    "image_url":"https:\/\/img08.weeecdn.net\/product\/image\/024\/527\/1623E836FEAF5D11.png!c560x560_q80.auto",
    "source_url":"https:\/\/www.sayweee.com\/en\/category\/meat"
  },
  {
    "category":"meat",
    "product_name":"Liji Dongpo Pork Hock 32 oz",
    "price":19.99,
    "unit_price":"$0.62\/oz",
    "sales_count":null,
    "image_url":"https:\/\/img08.weeecdn.net\/product\/image\/656\/585\/49A55978E6D1B810.png!c560x560_q80.auto",
    "source_url":"https:\/\/www.sayweee.com\/en\/category\/meat"
  },
  {
    "category":"meat",
    "product_name":"El Sureño Foods Pork Longaniza 32 oz",
    "price":9.99,
    "unit_price":"$0.31\/oz",
    "sales_count":50.0,
    "image_url":"https:\/\/img08.weeecdn.net\/product\/image\/903\/012\/66B020ACC3E8C453.png!c560x560_q80.auto",
    "source_url":"https:\/\/www.sayweee.com\/en\/category\/meat"
  },
  {
    "category":"meat",
    "product_name":"Supremo Chorizo Pork 14 oz",
    "price":7.99,
    "unit_price":"$0.57\/oz",
    "sales_count":null,
    "image_url":"https:\/\/img08.weeecdn.net\/product\/image\/983\/906\/1C1955D9AEC0C6CE.jpeg!c560x560_q80.auto",
    "source_url":"https:\/\/www.sayweee.com\/en\/category\/meat"
  },
  {
    "category":"meat",
    "product_name":"Weiyee Black Pepper Meat Balls, Frozen 283 g",
    "price":7.79,
    "unit_price":"$0.77\/oz",
    "sales_count":200.0,
    "image_url":"https:\/\/img08.weeecdn.net\/item\/image\/235\/316\/5FB165059A71AEBC.jpg!c560x560_q80.auto",
    "source_url":"https:\/\/www.sayweee.com\/en\/category\/meat"
  },
  {
    "category":"meat",
    "product_name":"Corte's Tuscan Sausage with Herbs 14 oz",
    "price":5.99,
    "unit_price":"$0.42\/oz",
    "sales_count":200.0,
    "image_url":"https:\/\/img08.weeecdn.net\/product\/image\/865\/285\/29A43447FE5D89D3.png!c560x560_q80.auto",
    "source_url":"https:\/\/www.sayweee.com\/en\/category\/meat"
  },
  {
    "category":"meat",
    "product_name":"Duck Tongues, Frozen 1 lb",
    "price":25.99,
    "unit_price":"nan",
    "sales_count":300.0,
    "image_url":"https:\/\/img08.weeecdn.net\/product\/image\/256\/316\/63E7ADCC63398CCD.png!c560x560_q80.auto",
    "source_url":"https:\/\/www.sayweee.com\/en\/category\/meat"
  },
  {
    "category":"meat",
    "product_name":"MeiZhouDongPo Pork Sausage 7.7 oz",
    "price":11.49,
    "unit_price":"$1.49\/oz",
    "sales_count":50.0,
    "image_url":"https:\/\/img08.weeecdn.net\/product\/image\/124\/873\/25F826DFDC7F124D.png!c560x560_q80.auto",
    "source_url":"https:\/\/www.sayweee.com\/en\/category\/meat"
  },
  {
    "category":"meat",
    "product_name":"USDA Prime Sliced Chuck Roll, 4mm 1 lb",
    "price":15.99,
    "unit_price":"nan",
    "sales_count":null,
    "image_url":"https:\/\/img08.weeecdn.net\/product\/image\/677\/026\/4F3CA9F3BBCC3AF8.png!c560x560_q80.auto",
    "source_url":"https:\/\/www.sayweee.com\/en\/category\/meat"
  },
  {
    "category":"meat",
    "product_name":"Applegate Hickory Smoked Uncured Sunday Bacon 8 oz",
    "price":8.49,
    "unit_price":"$1.06\/oz",
    "sales_count":200.0,
    "image_url":"https:\/\/img08.weeecdn.net\/item\/image\/718\/682\/700DC91C9841E09A.jpg!c560x560_q80.auto",
    "source_url":"https:\/\/www.sayweee.com\/en\/category\/meat"
  },
  {
    "category":"meat",
    "product_name":"Surasang Smoked Fish Ham 1.1 lb",
    "price":12.49,
    "unit_price":"$0.70\/oz",
    "sales_count":null,
    "image_url":"https:\/\/img08.weeecdn.net\/product\/image\/237\/933\/63F7A2A6A3DD5E09.png!c560x560_q80.auto",
    "source_url":"https:\/\/www.sayweee.com\/en\/category\/meat"
  },
  {
    "category":"meat",
    "product_name":"Liji Shandong Roasted Chicken 18 oz",
    "price":11.99,
    "unit_price":"$0.66\/oz",
    "sales_count":50.0,
    "image_url":"https:\/\/img08.weeecdn.net\/product\/image\/452\/272\/510A6BCF81A80FB1.png!c560x560_q80.auto",
    "source_url":"https:\/\/www.sayweee.com\/en\/category\/meat"
  },
  {
    "category":"meat",
    "product_name":"Kim Son Pork Meat Ball 10 oz",
    "price":7.49,
    "unit_price":"$0.74\/oz",
    "sales_count":null,
    "image_url":"https:\/\/img08.weeecdn.net\/product\/image\/278\/581\/2502920F009B0432.png!c560x560_q80.auto",
    "source_url":"https:\/\/www.sayweee.com\/en\/category\/meat"
  },
  {
    "category":"meat",
    "product_name":"KBBQ Premium Beef Bulgogi 2 lb",
    "price":22.99,
    "unit_price":"$11.49\/lb",
    "sales_count":null,
    "image_url":"https:\/\/img08.weeecdn.net\/product\/image\/984\/681\/463EF7F5D1569911.png!c560x560_q80.auto",
    "source_url":"https:\/\/www.sayweee.com\/en\/category\/meat"
  },
  {
    "category":"meat",
    "product_name":"Venus Chinese Style Sweet Sausage 12 oz",
    "price":7.09,
    "unit_price":"$0.59\/oz",
    "sales_count":50.0,
    "image_url":"https:\/\/img08.weeecdn.net\/product\/image\/171\/725\/60CBD94E974F9B2D.png!c560x560_q80.auto",
    "source_url":"https:\/\/www.sayweee.com\/en\/category\/meat"
  },
  {
    "category":"meat",
    "product_name":"RA's Farm Spicy Beef with Mushroom Sauce 185 g",
    "price":5.49,
    "unit_price":"$0.84\/oz",
    "sales_count":100.0,
    "image_url":"https:\/\/img08.weeecdn.net\/product\/image\/861\/587\/4DDD52BC1D47D371.png!c560x560_q80.auto",
    "source_url":"https:\/\/www.sayweee.com\/en\/category\/meat"
  },
  {
    "category":"meat",
    "product_name":"Pork Jowl Yakiniku Steak 1 lb",
    "price":14.99,
    "unit_price":"nan",
    "sales_count":null,
    "image_url":"https:\/\/img08.weeecdn.net\/product\/image\/271\/998\/3DF0433FECF63756.png!c560x560_q80.auto",
    "source_url":"https:\/\/www.sayweee.com\/en\/category\/meat"
  },
  {
    "category":"meat",
    "product_name":"Liji Goubangzi Tea Tree Scented Chicken 16 oz",
    "price":11.99,
    "unit_price":"$0.74\/oz",
    "sales_count":null,
    "image_url":"https:\/\/img08.weeecdn.net\/product\/image\/730\/430\/3990A87F3BBBB42D.png!c560x560_q80.auto",
    "source_url":"https:\/\/www.sayweee.com\/en\/category\/meat"
  },
  {
    "category":"meat",
    "product_name":"Iberico Pork Jowl 1.6-2.1 lb",
    "price":22.99,
    "unit_price":"$12.42\/lb",
    "sales_count":null,
    "image_url":"https:\/\/img08.weeecdn.net\/product\/image\/429\/432\/65068BE7B1B664EB.png!c560x560_q80.auto",
    "source_url":"https:\/\/www.sayweee.com\/en\/category\/meat"
  },
  {
    "category":"meat",
    "product_name":"Liji Spicy Beef Jerky 6 oz",
    "price":11.99,
    "unit_price":"$1.99\/oz",
    "sales_count":null,
    "image_url":"https:\/\/img08.weeecdn.net\/product\/image\/193\/484\/CCCC019478BC360.png!c560x560_q80.auto",
    "source_url":"https:\/\/www.sayweee.com\/en\/category\/meat"
  },
  {
    "category":"meat",
    "product_name":"Pork Stew Meat (from Ham Leg) 2 lb",
    "price":7.99,
    "unit_price":"$3.99\/lb",
    "sales_count":null,
    "image_url":"https:\/\/img08.weeecdn.net\/product\/image\/247\/127\/7C4A244E9F39AF0F.png!c560x560_q80.auto",
    "source_url":"https:\/\/www.sayweee.com\/en\/category\/meat"
  },
  {
    "category":"meat",
    "product_name":"Beef Pizzles, Frozen 1.5 lb",
    "price":8.79,
    "unit_price":"$5.86\/lb",
    "sales_count":null,
    "image_url":"https:\/\/img08.weeecdn.net\/product\/image\/698\/475\/2070D8887655F9D4.png!c560x560_q80.auto",
    "source_url":"https:\/\/www.sayweee.com\/en\/category\/meat"
  },
  {
    "category":"meat",
    "product_name":"El Sureño Marinated Diced Pollo Asado 32 oz",
    "price":9.99,
    "unit_price":"$0.31\/oz",
    "sales_count":null,
    "image_url":"https:\/\/img08.weeecdn.net\/product\/image\/599\/122\/6EFE6EC376C495F1.png!c560x560_q80.auto",
    "source_url":"https:\/\/www.sayweee.com\/en\/category\/meat"
  },
  {
    "category":"meat",
    "product_name":"Kam Yen Jan Rose Wine Chinese Sausage 16 oz",
    "price":8.99,
    "unit_price":"$0.56\/oz",
    "sales_count":null,
    "image_url":"https:\/\/img08.weeecdn.net\/product\/image\/713\/693\/3155C8515D9BFE73.png!c560x560_q80.auto",
    "source_url":"https:\/\/www.sayweee.com\/en\/category\/meat"
  },
  {
    "category":"meat",
    "product_name":"Corte’s Tuscan Sausage with Bacon 14 oz",
    "price":8.99,
    "unit_price":"$0.64\/oz",
    "sales_count":50.0,
    "image_url":"https:\/\/img08.weeecdn.net\/product\/image\/980\/535\/7DCC1DF0410DEA6B.png!c560x560_q80.auto",
    "source_url":"https:\/\/www.sayweee.com\/en\/category\/meat"
  },
  {
    "category":"meat",
    "product_name":"Magnolia Sweet Hamonado Longanisa 10 oz",
    "price":5.99,
    "unit_price":"$0.59\/oz",
    "sales_count":null,
    "image_url":"https:\/\/img08.weeecdn.net\/product\/image\/493\/984\/62D1C98A9D31109F.png!c560x560_q80.auto",
    "source_url":"https:\/\/www.sayweee.com\/en\/category\/meat"
  },
  {
    "category":"meat",
    "product_name":"Emart Pk Stir-Fried Pork with Kimchi 350 g",
    "price":10.99,
    "unit_price":"$0.88\/oz",
    "sales_count":null,
    "image_url":"https:\/\/img08.weeecdn.net\/product\/image\/053\/288\/4D22B2CAA7057E99.png!c560x560_q80.auto",
    "source_url":"https:\/\/www.sayweee.com\/en\/category\/meat"
  },
  {
    "category":"meat",
    "product_name":"Wang Korea Original Fish Cake Sausage, Frozen 380 g",
    "price":5.49,
    "unit_price":"$0.40\/oz",
    "sales_count":null,
    "image_url":"https:\/\/img08.weeecdn.net\/item\/image\/362\/450\/27E2ACDC857BAD35.jpg!c560x560_q80.auto",
    "source_url":"https:\/\/www.sayweee.com\/en\/category\/meat"
  },
  {
    "category":"meat",
    "product_name":"Martin Purefoods Sweet Pork Longanisa Breakfast Links, Frozen 16 oz",
    "price":8.49,
    "unit_price":"$0.53\/oz",
    "sales_count":null,
    "image_url":"https:\/\/img08.weeecdn.net\/description\/image\/846\/498\/142BBCDB0138F27E.png!c560x560_q80.auto",
    "source_url":"https:\/\/www.sayweee.com\/en\/category\/meat"
  },
  {
    "category":"meat",
    "product_name":"Fud Pork Added Chicken Franks 40 oz",
    "price":7.99,
    "unit_price":"$0.19\/oz",
    "sales_count":2.0,
    "image_url":"https:\/\/img08.weeecdn.net\/product\/image\/596\/137\/44E8A34E62C835F8.jpeg!c560x560_q80.auto",
    "source_url":"https:\/\/www.sayweee.com\/en\/category\/meat"
  },
  {
    "category":"meat",
    "product_name":"Supremo Chorizo Chicken 10 oz",
    "price":7.49,
    "unit_price":"$0.74\/oz",
    "sales_count":null,
    "image_url":"https:\/\/img08.weeecdn.net\/product\/image\/190\/370\/7E659549D4652115.jpeg!c560x560_q80.auto",
    "source_url":"https:\/\/www.sayweee.com\/en\/category\/meat"
  },
  {
    "category":"meat",
    "product_name":"Half Duck Peking Roasted, Fully Cooked 1 each",
    "price":24.0,
    "unit_price":"nan",
    "sales_count":null,
    "image_url":"https:\/\/img08.weeecdn.net\/item\/image\/173\/624\/681054DEB036878A.jpeg!c560x560_q80.auto",
    "source_url":"https:\/\/www.sayweee.com\/en\/category\/meat"
  },
  {
    "category":"meat",
    "product_name":"A5 Japanese Wagyu Striploin Slices (8oz portion) 1 each",
    "price":69.0,
    "unit_price":"nan",
    "sales_count":null,
    "image_url":"https:\/\/img08.weeecdn.net\/item\/image\/082\/788\/198F5ED2C44B5B33.jpeg!c560x560_q80.auto",
    "source_url":"https:\/\/www.sayweee.com\/en\/category\/meat"
  },
  {
    "category":"meat",
    "product_name":"Beef Short Rib Soup 5 PACKS 240 oz",
    "price":149.52,
    "unit_price":"$0.62\/oz",
    "sales_count":null,
    "image_url":"https:\/\/img08.weeecdn.net\/item\/image\/880\/323\/53B850ACBAE5DA4.png.jpeg!c560x560_q80.auto",
    "source_url":"https:\/\/www.sayweee.com\/en\/category\/meat"
  },
  {
    "category":"meat",
    "product_name":"Nissui Fish Sausage 4pcs 10.58 oz",
    "price":8.49,
    "unit_price":"$0.80\/oz",
    "sales_count":50.0,
    "image_url":"https:\/\/img08.weeecdn.net\/product\/image\/008\/132\/59EB97832F426281.png!c560x560_q80.auto",
    "source_url":"https:\/\/www.sayweee.com\/en\/category\/meat"
  },
  {
    "category":"meat",
    "product_name":"Fud Chicken Franks 40 oz",
    "price":7.99,
    "unit_price":"$0.19\/oz",
    "sales_count":null,
    "image_url":"https:\/\/img08.weeecdn.net\/product\/image\/193\/370\/42E1C1E5B939C71E.jpeg!c560x560_q80.auto",
    "source_url":"https:\/\/www.sayweee.com\/en\/category\/meat"
  },
  {
    "category":"meat",
    "product_name":"Picanha Swift, Beef Loin Top Sirloin Cap Roast 3-4 lb",
    "price":45.99,
    "unit_price":"$13.14\/lb",
    "sales_count":50.0,
    "image_url":"https:\/\/img08.weeecdn.net\/product\/image\/566\/721\/442041C1C72F8C80.png!c560x560_q80.auto",
    "source_url":"https:\/\/www.sayweee.com\/en\/category\/meat"
  },
  {
    "category":"meat",
    "product_name":"King Ge Sweet Unsmoked Pork Sausage 8 oz",
    "price":12.99,
    "unit_price":"$1.62\/oz",
    "sales_count":null,
    "image_url":"https:\/\/img08.weeecdn.net\/product\/image\/966\/492\/56FFB2B38A94A0F7.png!c560x560_q80.auto",
    "source_url":"https:\/\/www.sayweee.com\/en\/category\/meat"
  },
  {
    "category":"meat",
    "product_name":"Martin Purefoods Bite Size Hot Dog Franks, Frozen Value Pack 2.5 lb",
    "price":19.99,
    "unit_price":"$0.49\/oz",
    "sales_count":null,
    "image_url":"https:\/\/img08.weeecdn.net\/product\/image\/079\/921\/6FF0CA1432C2D970.png!c560x560_q80.auto",
    "source_url":"https:\/\/www.sayweee.com\/en\/category\/meat"
  },
  {
    "category":"meat",
    "product_name":"Turkey Drumstick Frozen 1 each",
    "price":9.99,
    "unit_price":"nan",
    "sales_count":null,
    "image_url":"https:\/\/img08.weeecdn.net\/product\/image\/701\/892\/6B8677830348F84E.png!c560x560_q80.auto",
    "source_url":"https:\/\/www.sayweee.com\/en\/category\/meat"
  },
  {
    "category":"meat",
    "product_name":"Chung Jung One Spicy Stir Fry Beef Abomasum, Frozen 7 oz",
    "price":18.99,
    "unit_price":"$2.71\/oz",
    "sales_count":null,
    "image_url":"https:\/\/img08.weeecdn.net\/item\/image\/097\/738\/7FD3164E325ECF7.jpg!c560x560_q80.auto",
    "source_url":"https:\/\/www.sayweee.com\/en\/category\/meat"
  },
  {
    "category":"meat",
    "product_name":"El Sureño Foods Chorizo Bolita 32 oz",
    "price":9.99,
    "unit_price":"$0.31\/oz",
    "sales_count":50.0,
    "image_url":"https:\/\/img08.weeecdn.net\/product\/image\/602\/695\/28DC7A02CC4996AC.png!c560x560_q80.auto",
    "source_url":"https:\/\/www.sayweee.com\/en\/category\/meat"
  },
  {
    "category":"meat",
    "product_name":"Chung Jung One Spicy Stir-Fried Beef Intestine 7 oz",
    "price":18.99,
    "unit_price":"$2.71\/oz",
    "sales_count":null,
    "image_url":"https:\/\/img08.weeecdn.net\/product\/image\/271\/732\/5D23FA7A68A7333E.png!c560x560_q80.auto",
    "source_url":"https:\/\/www.sayweee.com\/en\/category\/meat"
  },
  {
    "category":"meat",
    "product_name":"Gromex Carne Cecina 14 oz",
    "price":11.99,
    "unit_price":"$0.85\/oz",
    "sales_count":50.0,
    "image_url":"https:\/\/img08.weeecdn.net\/product\/image\/057\/004\/13023311FFB89C84.png!c560x560_q80.auto",
    "source_url":"https:\/\/www.sayweee.com\/en\/category\/meat"
  },
  {
    "category":"meat",
    "product_name":"Gromex Carne Enchilada Seasoned Pork 14 oz",
    "price":8.99,
    "unit_price":"$0.64\/oz",
    "sales_count":null,
    "image_url":"https:\/\/img08.weeecdn.net\/product\/image\/926\/017\/39A7235D99847223.jpeg!c560x560_q80.auto",
    "source_url":"https:\/\/www.sayweee.com\/en\/category\/meat"
  },
  {
    "category":"meat",
    "product_name":"Dilusa El Puerquito Chicharron Presado de Cerdo 1 lb",
    "price":8.99,
    "unit_price":"$0.56\/oz",
    "sales_count":null,
    "image_url":"https:\/\/img08.weeecdn.net\/product\/image\/970\/539\/5DD12B797922C3B1.jpeg!c560x560_q80.auto",
    "source_url":"https:\/\/www.sayweee.com\/en\/category\/meat"
  },
  {
    "category":"meat",
    "product_name":"Iberico Pork Ground + Wagyu Blend 1 each",
    "price":19.0,
    "unit_price":"nan",
    "sales_count":null,
    "image_url":"https:\/\/img08.weeecdn.net\/item\/image\/957\/678\/45E07C2EA2AD4703.jpeg!c560x560_q80.auto",
    "source_url":"https:\/\/www.sayweee.com\/en\/category\/meat"
  },
  {
    "category":"meat",
    "product_name":"A5 Japanese Wagyu Filet Mignon Flight | Miyazakigyu 8 oz",
    "price":149.0,
    "unit_price":"$18.62\/oz",
    "sales_count":null,
    "image_url":"https:\/\/img08.weeecdn.net\/item\/image\/476\/292\/1161C7D5F1C4723B.jpeg!c560x560_q80.auto",
    "source_url":"https:\/\/www.sayweee.com\/en\/category\/meat"
  },
  {
    "category":"meat",
    "product_name":"A5 Wagyu Nakaochi Kalbi 1.0 lbs 1 lb",
    "price":159.99,
    "unit_price":"nan",
    "sales_count":null,
    "image_url":"https:\/\/img08.weeecdn.net\/item\/image\/683\/754\/3A33D6719EE60BF8.jpeg!c560x560_q80.auto",
    "source_url":"https:\/\/www.sayweee.com\/en\/category\/meat"
  },
  {
    "category":"meat",
    "product_name":"FROZEN FROGLEGS - ( 6-8 pair per lb.) Farm Raised IPW- 2 Lb\/pack 2 lb",
    "price":69.99,
    "unit_price":"$34.99\/lb",
    "sales_count":null,
    "image_url":"https:\/\/img08.weeecdn.net\/item\/image\/490\/286\/2E84A88F95FD348B.png!c560x560_q80.auto",
    "source_url":"https:\/\/www.sayweee.com\/en\/category\/meat"
  },
  {
    "category":"meat",
    "product_name":"Free Range Pork Iberico Secreto Steak (18oz avg) 1 each",
    "price":55.0,
    "unit_price":"nan",
    "sales_count":null,
    "image_url":"https:\/\/img08.weeecdn.net\/item\/image\/093\/954\/61E9EBDF4DAF5E8E.jpeg!c560x560_q80.auto",
    "source_url":"https:\/\/www.sayweee.com\/en\/category\/meat"
  },
  {
    "category":"meat",
    "product_name":"Free Range Pork Iberico Flank Steak 1 each",
    "price":19.0,
    "unit_price":"nan",
    "sales_count":null,
    "image_url":"https:\/\/img08.weeecdn.net\/item\/image\/559\/673\/30140D975ED78C1D.jpeg!c560x560_q80.auto",
    "source_url":"https:\/\/www.sayweee.com\/en\/category\/meat"
  },
  {
    "category":"meat",
    "product_name":"Ground American Wagyu Beef (16oz portion) 1 each",
    "price":18.0,
    "unit_price":"nan",
    "sales_count":null,
    "image_url":"https:\/\/img08.weeecdn.net\/item\/image\/861\/696\/37190809F9FCBCD6.jpeg!c560x560_q80.auto",
    "source_url":"https:\/\/www.sayweee.com\/en\/category\/meat"
  },
  {
    "category":"meat",
    "product_name":"A5 Japanese Wagyu Beef Striploin Steak | Miyazakigyu 10 oz",
    "price":149.0,
    "unit_price":"$14.90\/oz",
    "sales_count":null,
    "image_url":"https:\/\/img08.weeecdn.net\/item\/image\/389\/567\/64E8C9BD9A5047AE.jpeg!c560x560_q80.auto",
    "source_url":"https:\/\/www.sayweee.com\/en\/category\/meat"
  },
  {
    "category":"meat",
    "product_name":"A5 Japanese Wagyu Beef Ribeye Steak | Miyazakigyu 10 oz",
    "price":149.0,
    "unit_price":"$14.90\/oz",
    "sales_count":null,
    "image_url":"https:\/\/img08.weeecdn.net\/item\/image\/558\/180\/2C4ECD925AFE773D.jpeg!c560x560_q80.auto",
    "source_url":"https:\/\/www.sayweee.com\/en\/category\/meat"
  },
  {
    "category":"meat",
    "product_name":"A5 Wagyu Ribeye 16 oz",
    "price":88.0,
    "unit_price":"$5.50\/oz",
    "sales_count":null,
    "image_url":"https:\/\/img08.weeecdn.net\/item\/image\/791\/870\/54FA377C8C982E6A.png.jpeg!c560x560_q80.auto",
    "source_url":"https:\/\/www.sayweee.com\/en\/category\/meat"
  },
  {
    "category":"meat",
    "product_name":"Beef Small Intestine with Sauce 1 lb",
    "price":40.99,
    "unit_price":"nan",
    "sales_count":null,
    "image_url":"https:\/\/img08.weeecdn.net\/item\/image\/285\/943\/763597DC9AAB05EA.png.jpeg!c560x560_q80.auto",
    "source_url":"https:\/\/www.sayweee.com\/en\/category\/meat"
  },
  {
    "category":"meat",
    "product_name":"A5 Japanese Wagyu Ribeye Steak 16oz 16 oz",
    "price":139.0,
    "unit_price":"$8.68\/oz",
    "sales_count":null,
    "image_url":"https:\/\/img08.weeecdn.net\/item\/image\/693\/167\/5B9F2E38DE34554D.jpeg!c560x560_q80.auto",
    "source_url":"https:\/\/www.sayweee.com\/en\/category\/meat"
  },
  {
    "category":"meat",
    "product_name":"A5 Tontoro Pork 1.60lbs 1.5 lb",
    "price":89.99,
    "unit_price":"$59.99\/lb",
    "sales_count":null,
    "image_url":"https:\/\/img08.weeecdn.net\/item\/image\/143\/592\/5DF0E06ED2614F4A.jpeg!c560x560_q80.auto",
    "source_url":"https:\/\/www.sayweee.com\/en\/category\/meat"
  },
  {
    "category":"meat",
    "product_name":"A5 Japanese\"Satsuma\" Wagyu Stripeloin 16oz 16 oz",
    "price":189.99,
    "unit_price":"$11.87\/oz",
    "sales_count":null,
    "image_url":"https:\/\/img08.weeecdn.net\/item\/image\/629\/560\/F3060EF15295C9F.jpeg!c560x560_q80.auto",
    "source_url":"https:\/\/www.sayweee.com\/en\/category\/meat"
  },
  {
    "category":"meat",
    "product_name":"A5 Japanese Wagyu Filet Mignon (8oz portion) 1 pack 1 each",
    "price":139.0,
    "unit_price":"nan",
    "sales_count":null,
    "image_url":"https:\/\/img08.weeecdn.net\/item\/image\/427\/722\/6ADB551837634060.jpeg!c560x560_q80.auto",
    "source_url":"https:\/\/www.sayweee.com\/en\/category\/meat"
  },
  {
    "category":"meat",
    "product_name":"A5 Japanese Wagyu Filet Mignon (8oz) 2 pack 1 each",
    "price":229.0,
    "unit_price":"nan",
    "sales_count":null,
    "image_url":"https:\/\/img08.weeecdn.net\/item\/image\/440\/672\/19559ACA169E829D.webp!c560x560_q80.auto",
    "source_url":"https:\/\/www.sayweee.com\/en\/category\/meat"
  },
  {
    "category":"meat",
    "product_name":"A5 Japanese Wagyu Ribeye Steak (16oz portion) 1 each",
    "price":199.0,
    "unit_price":"nan",
    "sales_count":null,
    "image_url":"https:\/\/img08.weeecdn.net\/item\/image\/730\/255\/1F01A7F76EE06F99.jpeg!c560x560_q80.auto",
    "source_url":"https:\/\/www.sayweee.com\/en\/category\/meat"
  },
  {
    "category":"meat",
    "product_name":"A5 Japanese Wagyu New York Strip (14oz portion) 1 each",
    "price":199.0,
    "unit_price":"nan",
    "sales_count":null,
    "image_url":"https:\/\/img08.weeecdn.net\/item\/image\/889\/843\/41BD45948D4A0F02.jpeg!c560x560_q80.auto",
    "source_url":"https:\/\/www.sayweee.com\/en\/category\/meat"
  },
  {
    "category":"meat",
    "product_name":"Jidori Free Range Chicken Breast (12oz portion) 1 each",
    "price":20.0,
    "unit_price":"nan",
    "sales_count":null,
    "image_url":"https:\/\/img08.weeecdn.net\/item\/image\/324\/055\/794D5505BBE15FB3.jpeg!c560x560_q80.auto",
    "source_url":"https:\/\/www.sayweee.com\/en\/category\/meat"
  },
  {
    "category":"meat",
    "product_name":"A5 Japanese Wagyu Skewer Pieces 1 each",
    "price":59.0,
    "unit_price":"nan",
    "sales_count":null,
    "image_url":"https:\/\/img08.weeecdn.net\/item\/image\/674\/702\/1911BC0ECD8BD8A5.jpeg!c560x560_q80.auto",
    "source_url":"https:\/\/www.sayweee.com\/en\/category\/meat"
  },
  {
    "category":"meat",
    "product_name":"Free Range Pork Iberico Presa (Denver Steak) 1 each",
    "price":29.0,
    "unit_price":"nan",
    "sales_count":null,
    "image_url":"https:\/\/img08.weeecdn.net\/item\/image\/994\/471\/368A6F3EE1C6C29A.jpeg!c560x560_q80.auto",
    "source_url":"https:\/\/www.sayweee.com\/en\/category\/meat"
  },
  {
    "category":"meat",
    "product_name":"A5 Japanese Wagyu Beef Rib Finger Meat | Miyazaki 19 oz",
    "price":149.0,
    "unit_price":"$7.84\/oz",
    "sales_count":null,
    "image_url":"https:\/\/img08.weeecdn.net\/item\/image\/033\/865\/E159188916B8DA8.png!c560x560_q80.auto",
    "source_url":"https:\/\/www.sayweee.com\/en\/category\/meat"
  },
  {
    "category":"meat",
    "product_name":"A5 Japanese Wagyu Ribeye Steak, 1LB (16oz) 1 each",
    "price":199.0,
    "unit_price":"nan",
    "sales_count":null,
    "image_url":"https:\/\/img08.weeecdn.net\/item\/image\/209\/227\/6F84C5C702E4217.webp!c560x560_q80.auto",
    "source_url":"https:\/\/www.sayweee.com\/en\/category\/meat"
  },
  {
    "category":"meat",
    "product_name":"A5 Japanese Wagyu Filet Mignon Steak, Vacuum Pack (8oz) 1 each",
    "price":139.0,
    "unit_price":"nan",
    "sales_count":null,
    "image_url":"https:\/\/img08.weeecdn.net\/item\/image\/992\/114\/764E98154A49D8B6.jpeg!c560x560_q80.auto",
    "source_url":"https:\/\/www.sayweee.com\/en\/category\/meat"
  },
  {
    "category":"meat",
    "product_name":"A5 Japanese Wagyu Ribeye Steak 3 packs (3LBS) 1 each",
    "price":519.0,
    "unit_price":"nan",
    "sales_count":null,
    "image_url":"https:\/\/img08.weeecdn.net\/item\/image\/682\/715\/7832A7D33F4F6C6.webp!c560x560_q80.auto",
    "source_url":"https:\/\/www.sayweee.com\/en\/category\/meat"
  },
  {
    "category":"meat",
    "product_name":"A5 Japanese Wagyu Filet Mignon (Bulk Case) 4 packs 1 each",
    "price":449.0,
    "unit_price":"nan",
    "sales_count":null,
    "image_url":"https:\/\/img08.weeecdn.net\/item\/image\/320\/840\/24DA120F23A5637F.jpeg!c560x560_q80.auto",
    "source_url":"https:\/\/www.sayweee.com\/en\/category\/meat"
  },
  {
    "category":"meat",
    "product_name":"A5 Japanese Wagyu New York Strip Steak (12oz) 1 each",
    "price":199.0,
    "unit_price":"nan",
    "sales_count":null,
    "image_url":"https:\/\/img08.weeecdn.net\/item\/image\/509\/292\/38191A2E590AC69D.webp!c560x560_q80.auto",
    "source_url":"https:\/\/www.sayweee.com\/en\/category\/meat"
  },
  {
    "category":"meat",
    "product_name":"A5 Japanese Wagyu NY Strip Steak 3 pack 1 each",
    "price":499.0,
    "unit_price":"nan",
    "sales_count":null,
    "image_url":"https:\/\/img08.weeecdn.net\/item\/image\/273\/496\/78682204C2A18914.webp!c560x560_q80.auto",
    "source_url":"https:\/\/www.sayweee.com\/en\/category\/meat"
  },
  {
    "category":"meat",
    "product_name":"A5 Japanese Wagyu Ribeye 1 each",
    "price":987.0,
    "unit_price":"nan",
    "sales_count":null,
    "image_url":"https:\/\/img08.weeecdn.net\/item\/image\/202\/279\/2510B49F45C0B332.jpeg!c560x560_q80.auto",
    "source_url":"https:\/\/www.sayweee.com\/en\/category\/meat"
  },
  {
    "category":"meat",
    "product_name":"A5 Wagyu Tenderloin 1 each",
    "price":978.0,
    "unit_price":"nan",
    "sales_count":null,
    "image_url":"https:\/\/img08.weeecdn.net\/item\/image\/803\/977\/5F9D581C27F4F52B.jpeg!c560x560_q80.auto",
    "source_url":"https:\/\/www.sayweee.com\/en\/category\/meat"
  },
  {
    "category":"meat",
    "product_name":"A5 Striploin Slice 16oz 1 each",
    "price":149.0,
    "unit_price":"nan",
    "sales_count":null,
    "image_url":"https:\/\/img08.weeecdn.net\/item\/image\/082\/110\/4D61BBE198B400A1.jpeg!c560x560_q80.auto",
    "source_url":"https:\/\/www.sayweee.com\/en\/category\/meat"
  },
  {
    "category":"meat",
    "product_name":"A5 Japanese Takamori Wagyu Ribeye 10oz 1 each",
    "price":382.0,
    "unit_price":"nan",
    "sales_count":null,
    "image_url":"https:\/\/img08.weeecdn.net\/item\/image\/609\/663\/51BECF02B8708029.jpeg!c560x560_q80.auto",
    "source_url":"https:\/\/www.sayweee.com\/en\/category\/meat"
  },
  {
    "category":"meat",
    "product_name":"A5 Japanese Omi Wagyu Striploin 8lbs 1 each",
    "price":1149.0,
    "unit_price":"nan",
    "sales_count":null,
    "image_url":"https:\/\/img08.weeecdn.net\/item\/image\/481\/571\/4E6D47B8AEB4B7F2.jpeg!c560x560_q80.auto",
    "source_url":"https:\/\/www.sayweee.com\/en\/category\/meat"
  },
  {
    "category":"meat",
    "product_name":"Duck Confit - Slow Cooked Duck Legs (2 per pack) 1 each",
    "price":26.0,
    "unit_price":"nan",
    "sales_count":null,
    "image_url":"https:\/\/img08.weeecdn.net\/item\/image\/598\/382\/29DB87CDCCBBA5DE.jpeg!c560x560_q80.auto",
    "source_url":"https:\/\/www.sayweee.com\/en\/category\/meat"
  },
  {
    "category":"meat",
    "product_name":"A5 NY Strip 14 oz",
    "price":88.0,
    "unit_price":"$6.28\/oz",
    "sales_count":null,
    "image_url":"https:\/\/img08.weeecdn.net\/item\/image\/853\/013\/5688F1DB12A79362.png.jpeg!c560x560_q80.auto",
    "source_url":"https:\/\/www.sayweee.com\/en\/category\/meat"
  },
  {
    "category":"meat",
    "product_name":"A5 Wagyu Bulgogi Cut 8 oz",
    "price":39.0,
    "unit_price":"$4.87\/oz",
    "sales_count":null,
    "image_url":"https:\/\/img08.weeecdn.net\/item\/image\/842\/866\/560CE8E1805B744E.png.jpeg!c560x560_q80.auto",
    "source_url":"https:\/\/www.sayweee.com\/en\/category\/meat"
  },
  {
    "category":"meat",
    "product_name":"Jamon Iberico Ham (Rear Leg), Spanish Pork 1 each",
    "price":799.0,
    "unit_price":"nan",
    "sales_count":null,
    "image_url":"https:\/\/img08.weeecdn.net\/item\/image\/273\/632\/40B01AA2A87EF663.jpeg!c560x560_q80.auto",
    "source_url":"https:\/\/www.sayweee.com\/en\/category\/meat"
  },
  {
    "category":"meat",
    "product_name":"60-day Dry Aged Kansas Steak, Bone-in NY (22oz) 1 each",
    "price":129.0,
    "unit_price":"nan",
    "sales_count":null,
    "image_url":"https:\/\/img08.weeecdn.net\/item\/image\/271\/108\/33F61B285055AC7D.png.jpeg!c560x560_q80.auto",
    "source_url":"https:\/\/www.sayweee.com\/en\/category\/meat"
  },
  {
    "category":"meat",
    "product_name":"60-day Dry Aged T-Bone Steak (36oz) 1 each",
    "price":179.0,
    "unit_price":"nan",
    "sales_count":null,
    "image_url":"https:\/\/img08.weeecdn.net\/item\/image\/736\/172\/6ABBEFADA7AA3ED8.png.jpeg!c560x560_q80.auto",
    "source_url":"https:\/\/www.sayweee.com\/en\/category\/meat"
  },
  {
    "category":"meat",
    "product_name":"60-day Dry Aged Porterhouse Steak (36oz) 1 each",
    "price":199.0,
    "unit_price":"nan",
    "sales_count":null,
    "image_url":"https:\/\/img08.weeecdn.net\/item\/image\/879\/505\/5C7A2F0BF99E4B.png.jpeg!c560x560_q80.auto",
    "source_url":"https:\/\/www.sayweee.com\/en\/category\/meat"
  },
  {
    "category":"meat",
    "product_name":"Black Angus Beef Brisket Point Slice Cut 1 lb",
    "price":27.99,
    "unit_price":"nan",
    "sales_count":null,
    "image_url":"https:\/\/img08.weeecdn.net\/item\/image\/898\/697\/58242C37ACFD1733.png.jpeg!c560x560_q80.auto",
    "source_url":"https:\/\/www.sayweee.com\/en\/category\/meat"
  },
  {
    "category":"meat",
    "product_name":"Beef Large Intestine with Sauce 1.1 lb",
    "price":37.99,
    "unit_price":"$34.53\/lb",
    "sales_count":null,
    "image_url":"https:\/\/img08.weeecdn.net\/item\/image\/441\/526\/4FBC3CC01F2F47D4.png.jpeg!c560x560_q80.auto",
    "source_url":"https:\/\/www.sayweee.com\/en\/category\/meat"
  },
  {
    "category":"meat",
    "product_name":"Iberico Pork Shoulder Boneless for BBQ 2.26 lb",
    "price":73.99,
    "unit_price":"$32.73\/lb",
    "sales_count":null,
    "image_url":"https:\/\/img08.weeecdn.net\/item\/image\/396\/757\/5A7CDC4650B8F6A9.png.jpeg!c560x560_q80.auto",
    "source_url":"https:\/\/www.sayweee.com\/en\/category\/meat"
  },
  {
    "category":"meat",
    "product_name":"Australian Wagyu Flat Iron Steak BMS 8-9 8 oz",
    "price":41.99,
    "unit_price":"$5.24\/oz",
    "sales_count":null,
    "image_url":"https:\/\/img08.weeecdn.net\/item\/image\/073\/461\/61BDDCA748FF5A14.png.jpeg!c560x560_q80.auto",
    "source_url":"https:\/\/www.sayweee.com\/en\/category\/meat"
  },
  {
    "category":"meat",
    "product_name":"Australian Wagyu Denver Steak BMS 8-9 8 oz",
    "price":56.99,
    "unit_price":"$7.12\/oz",
    "sales_count":null,
    "image_url":"https:\/\/img08.weeecdn.net\/item\/image\/884\/293\/3622C1F194D0CCF5.png.jpeg!c560x560_q80.auto",
    "source_url":"https:\/\/www.sayweee.com\/en\/category\/meat"
  },
  {
    "category":"meat",
    "product_name":"Large Intestine with Pickled Perilla Leaves 3 PACK 66 oz",
    "price":135.84,
    "unit_price":"$2.05\/oz",
    "sales_count":null,
    "image_url":"https:\/\/img08.weeecdn.net\/item\/image\/367\/437\/4007FC94E5826C06.png.jpeg!c560x560_q80.auto",
    "source_url":"https:\/\/www.sayweee.com\/en\/category\/meat"
  },
  {
    "category":"meat",
    "product_name":"Korean Pork Soup 6 PACKS 198 oz",
    "price":144.39,
    "unit_price":"$0.72\/oz",
    "sales_count":null,
    "image_url":"https:\/\/img08.weeecdn.net\/item\/image\/988\/438\/29E1576585E61D2.png.jpeg!c560x560_q80.auto",
    "source_url":"https:\/\/www.sayweee.com\/en\/category\/meat"
  },
  {
    "category":"meat",
    "product_name":"Blood Sausage Soup 5 PACKS 180 oz",
    "price":152.94,
    "unit_price":"$0.84\/oz",
    "sales_count":null,
    "image_url":"https:\/\/img08.weeecdn.net\/item\/image\/722\/171\/63DE45B78AF50318.png.jpeg!c560x560_q80.auto",
    "source_url":"https:\/\/www.sayweee.com\/en\/category\/meat"
  },
  {
    "category":"meat",
    "product_name":"Beef Bulgogi 5 PACKS 140 oz",
    "price":115.51,
    "unit_price":"$0.82\/oz",
    "sales_count":null,
    "image_url":"https:\/\/img08.weeecdn.net\/item\/image\/345\/754\/2602A8532B163CF5.png.jpeg!c560x560_q80.auto",
    "source_url":"https:\/\/www.sayweee.com\/en\/category\/meat"
  },
  {
    "category":"meat",
    "product_name":"Spicy Pork 6 PACKS 168 oz",
    "price":150.37,
    "unit_price":"$0.89\/oz",
    "sales_count":null,
    "image_url":"https:\/\/img08.weeecdn.net\/item\/image\/069\/150\/3ADD0E412C00F70F.png.jpeg!c560x560_q80.auto",
    "source_url":"https:\/\/www.sayweee.com\/en\/category\/meat"
  },
  {
    "category":"meat",
    "product_name":"Spicy Braised Beef Back Rib 2 PACKS 260 oz",
    "price":152.94,
    "unit_price":"$0.58\/oz",
    "sales_count":null,
    "image_url":"https:\/\/img08.weeecdn.net\/item\/image\/845\/971\/7C8F227593DC0C5D.png.jpeg!c560x560_q80.auto",
    "source_url":"https:\/\/www.sayweee.com\/en\/category\/meat"
  },
  {
    "category":"meat",
    "product_name":"Braised beef short ribs Galbijjim 2 PACKS 64 oz",
    "price":170.04,
    "unit_price":"$2.65\/oz",
    "sales_count":null,
    "image_url":"https:\/\/img08.weeecdn.net\/item\/image\/966\/481\/E105AF8464CDB1E.png.jpeg!c560x560_q80.auto",
    "source_url":"https:\/\/www.sayweee.com\/en\/category\/meat"
  },
  {
    "category":"meat",
    "product_name":"Korean-Style Hot Pot Bulgogi 5 PACKS 150 oz",
    "price":132.51,
    "unit_price":"$0.88\/oz",
    "sales_count":null,
    "image_url":"https:\/\/img08.weeecdn.net\/item\/image\/280\/444\/7BA9E266FA127D7B.png.jpeg!c560x560_q80.auto",
    "source_url":"https:\/\/www.sayweee.com\/en\/category\/meat"
  },
  {
    "category":"meat",
    "product_name":"Housemade 4 Assorted Pancakes Set 4 PACKS 120 oz",
    "price":145.34,
    "unit_price":"$1.21\/oz",
    "sales_count":null,
    "image_url":"https:\/\/img08.weeecdn.net\/item\/image\/100\/361\/445FA6C5F2755B2E.png.jpeg!c560x560_q80.auto",
    "source_url":"https:\/\/www.sayweee.com\/en\/category\/meat"
  },
  {
    "category":"meat",
    "product_name":"Budaejjigae - Korean Army Stew 6 PACKS 228 oz",
    "price":141.92,
    "unit_price":"$0.62\/oz",
    "sales_count":null,
    "image_url":"https:\/\/img08.weeecdn.net\/item\/image\/379\/855\/2242141B68F31C6F.png.jpeg!c560x560_q80.auto",
    "source_url":"https:\/\/www.sayweee.com\/en\/category\/meat"
  },
  {
    "category":"meat",
    "product_name":"Andong Jjimdak - Korean Braised Chicken 2 PACKS 180 oz",
    "price":133.37,
    "unit_price":"$0.74\/oz",
    "sales_count":null,
    "image_url":"https:\/\/img08.weeecdn.net\/item\/image\/230\/158\/22BEB77BFCC29479.png.jpeg!c560x560_q80.auto",
    "source_url":"https:\/\/www.sayweee.com\/en\/category\/meat"
  },
  {
    "category":"meat",
    "product_name":"Korean Complete Meal Set 177 oz",
    "price":147.9,
    "unit_price":"$0.83\/oz",
    "sales_count":null,
    "image_url":"https:\/\/img08.weeecdn.net\/item\/image\/203\/695\/415009C602418EA7.png.jpeg!c560x560_q80.auto",
    "source_url":"https:\/\/www.sayweee.com\/en\/category\/meat"
  },
  {
    "category":"meat",
    "product_name":"Extra Dry Aged Ribeye, Black Angus (16oz) 1 each",
    "price":85.0,
    "unit_price":"nan",
    "sales_count":null,
    "image_url":"https:\/\/img08.weeecdn.net\/item\/image\/057\/835\/3C49E30F23E55F30.png.jpeg!c560x560_q80.auto",
    "source_url":"https:\/\/www.sayweee.com\/en\/category\/meat"
  },
  {
    "category":"meat",
    "product_name":"Dry Aged Ribeye, Black Angus Prime (16oz) 1 each",
    "price":75.0,
    "unit_price":"nan",
    "sales_count":null,
    "image_url":"https:\/\/img08.weeecdn.net\/item\/image\/438\/431\/69C8C463E2C0E26E.png.jpeg!c560x560_q80.auto",
    "source_url":"https:\/\/www.sayweee.com\/en\/category\/meat"
  },
  {
    "category":"meat",
    "product_name":"Jidori Chicken Breast, Boneless & Skinless 1 each",
    "price":9.0,
    "unit_price":"nan",
    "sales_count":null,
    "image_url":"https:\/\/img08.weeecdn.net\/item\/image\/527\/477\/4F9DD4025E6D7E6.jpeg!c560x560_q80.auto",
    "source_url":"https:\/\/www.sayweee.com\/en\/category\/meat"
  },
  {
    "category":"meat",
    "product_name":"Jidori Chicken Breast Boneless, Free Range 6 oz*8 pack",
    "price":69.0,
    "unit_price":"$1.43\/oz",
    "sales_count":null,
    "image_url":"https:\/\/img08.weeecdn.net\/item\/image\/710\/462\/D429C76814D62EE.webp!c560x560_q80.auto",
    "source_url":"https:\/\/www.sayweee.com\/en\/category\/meat"
  },
  {
    "category":"meat",
    "product_name":"Traditional Taiwanese Braised Pork 1 lb",
    "price":13.0,
    "unit_price":"nan",
    "sales_count":null,
    "image_url":"https:\/\/img08.weeecdn.net\/item\/image\/149\/073\/AE377525F803A92.jpeg!c560x560_q80.auto",
    "source_url":"https:\/\/www.sayweee.com\/en\/category\/meat"
  },
  {
    "category":"meat",
    "product_name":"Natural Prime Grass Fed Plate Short Ribs (Korean Style) (16oz portion) 1 each",
    "price":49.0,
    "unit_price":"nan",
    "sales_count":null,
    "image_url":"https:\/\/img08.weeecdn.net\/item\/image\/241\/200\/4F7841D35719350E.jpeg!c560x560_q80.auto",
    "source_url":"https:\/\/www.sayweee.com\/en\/category\/meat"
  },
  {
    "category":"meat",
    "product_name":"Emart Pk Stir-Fried Pork with Kimchi 350 g",
    "price":10.99,
    "unit_price":"$0.88\/oz",
    "sales_count":null,
    "image_url":"https:\/\/img08.weeecdn.net\/product\/image\/053\/288\/4D22B2CAA7057E99.png!c560x560_q80.auto",
    "source_url":"https:\/\/www.sayweee.com\/en\/category\/meat"
  },
  {
    "category":"meat",
    "product_name":"Wang Korea Original Fish Cake Sausage, Frozen 380 g",
    "price":5.49,
    "unit_price":"$0.40\/oz",
    "sales_count":null,
    "image_url":"https:\/\/img08.weeecdn.net\/item\/image\/362\/450\/27E2ACDC857BAD35.jpg!c560x560_q80.auto",
    "source_url":"https:\/\/www.sayweee.com\/en\/category\/meat"
  },
  {
    "category":"meat",
    "product_name":"Martin Purefoods Sweet Pork Longanisa Breakfast Links, Frozen 16 oz",
    "price":8.49,
    "unit_price":"$0.53\/oz",
    "sales_count":null,
    "image_url":"https:\/\/img08.weeecdn.net\/description\/image\/846\/498\/142BBCDB0138F27E.png!c560x560_q80.auto",
    "source_url":"https:\/\/www.sayweee.com\/en\/category\/meat"
  },
  {
    "category":"meat",
    "product_name":"Fud Pork Added Chicken Franks 40 oz",
    "price":7.99,
    "unit_price":"$0.19\/oz",
    "sales_count":2.0,
    "image_url":"https:\/\/img08.weeecdn.net\/product\/image\/596\/137\/44E8A34E62C835F8.jpeg!c560x560_q80.auto",
    "source_url":"https:\/\/www.sayweee.com\/en\/category\/meat"
  },
  {
    "category":"meat",
    "product_name":"Supremo Chorizo Chicken 10 oz",
    "price":7.49,
    "unit_price":"$0.74\/oz",
    "sales_count":null,
    "image_url":"https:\/\/img08.weeecdn.net\/product\/image\/190\/370\/7E659549D4652115.jpeg!c560x560_q80.auto",
    "source_url":"https:\/\/www.sayweee.com\/en\/category\/meat"
  },
  {
    "category":"meat",
    "product_name":"Half Duck Peking Roasted, Fully Cooked 1 each",
    "price":24.0,
    "unit_price":"nan",
    "sales_count":null,
    "image_url":"https:\/\/img08.weeecdn.net\/item\/image\/173\/624\/681054DEB036878A.jpeg!c560x560_q80.auto",
    "source_url":"https:\/\/www.sayweee.com\/en\/category\/meat"
  },
  {
    "category":"meat",
    "product_name":"A5 Japanese Wagyu Striploin Slices (8oz portion) 1 each",
    "price":69.0,
    "unit_price":"nan",
    "sales_count":null,
    "image_url":"https:\/\/img08.weeecdn.net\/item\/image\/082\/788\/198F5ED2C44B5B33.jpeg!c560x560_q80.auto",
    "source_url":"https:\/\/www.sayweee.com\/en\/category\/meat"
  },
  {
    "category":"meat",
    "product_name":"Beef Short Rib Soup 5 PACKS 240 oz",
    "price":149.52,
    "unit_price":"$0.62\/oz",
    "sales_count":null,
    "image_url":"https:\/\/img08.weeecdn.net\/item\/image\/880\/323\/53B850ACBAE5DA4.png.jpeg!c560x560_q80.auto",
    "source_url":"https:\/\/www.sayweee.com\/en\/category\/meat"
  },
  {
    "category":"meat",
    "product_name":"Nissui Fish Sausage 4pcs 10.58 oz",
    "price":8.49,
    "unit_price":"$0.80\/oz",
    "sales_count":50.0,
    "image_url":"https:\/\/img08.weeecdn.net\/product\/image\/008\/132\/59EB97832F426281.png!c560x560_q80.auto",
    "source_url":"https:\/\/www.sayweee.com\/en\/category\/meat"
  },
  {
    "category":"meat",
    "product_name":"Fud Chicken Franks 40 oz",
    "price":7.99,
    "unit_price":"$0.19\/oz",
    "sales_count":null,
    "image_url":"https:\/\/img08.weeecdn.net\/product\/image\/193\/370\/42E1C1E5B939C71E.jpeg!c560x560_q80.auto",
    "source_url":"https:\/\/www.sayweee.com\/en\/category\/meat"
  },
  {
    "category":"meat",
    "product_name":"Picanha Swift, Beef Loin Top Sirloin Cap Roast 3-4 lb",
    "price":45.99,
    "unit_price":"$13.14\/lb",
    "sales_count":50.0,
    "image_url":"https:\/\/img08.weeecdn.net\/product\/image\/566\/721\/442041C1C72F8C80.png!c560x560_q80.auto",
    "source_url":"https:\/\/www.sayweee.com\/en\/category\/meat"
  },
  {
    "category":"meat",
    "product_name":"King Ge Sweet Unsmoked Pork Sausage 8 oz",
    "price":12.99,
    "unit_price":"$1.62\/oz",
    "sales_count":null,
    "image_url":"https:\/\/img08.weeecdn.net\/product\/image\/966\/492\/56FFB2B38A94A0F7.png!c560x560_q80.auto",
    "source_url":"https:\/\/www.sayweee.com\/en\/category\/meat"
  },
  {
    "category":"meat",
    "product_name":"Martin Purefoods Bite Size Hot Dog Franks, Frozen Value Pack 2.5 lb",
    "price":19.99,
    "unit_price":"$0.49\/oz",
    "sales_count":null,
    "image_url":"https:\/\/img08.weeecdn.net\/product\/image\/079\/921\/6FF0CA1432C2D970.png!c560x560_q80.auto",
    "source_url":"https:\/\/www.sayweee.com\/en\/category\/meat"
  },
  {
    "category":"meat",
    "product_name":"Turkey Drumstick Frozen 1 each",
    "price":9.99,
    "unit_price":"nan",
    "sales_count":null,
    "image_url":"https:\/\/img08.weeecdn.net\/product\/image\/701\/892\/6B8677830348F84E.png!c560x560_q80.auto",
    "source_url":"https:\/\/www.sayweee.com\/en\/category\/meat"
  },
  {
    "category":"meat",
    "product_name":"Chung Jung One Spicy Stir Fry Beef Abomasum, Frozen 7 oz",
    "price":18.99,
    "unit_price":"$2.71\/oz",
    "sales_count":null,
    "image_url":"https:\/\/img08.weeecdn.net\/item\/image\/097\/738\/7FD3164E325ECF7.jpg!c560x560_q80.auto",
    "source_url":"https:\/\/www.sayweee.com\/en\/category\/meat"
  },
  {
    "category":"meat",
    "product_name":"El Sureño Foods Chorizo Bolita 32 oz",
    "price":9.99,
    "unit_price":"$0.31\/oz",
    "sales_count":50.0,
    "image_url":"https:\/\/img08.weeecdn.net\/product\/image\/602\/695\/28DC7A02CC4996AC.png!c560x560_q80.auto",
    "source_url":"https:\/\/www.sayweee.com\/en\/category\/meat"
  },
  {
    "category":"meat",
    "product_name":"Chung Jung One Spicy Stir-Fried Beef Intestine 7 oz",
    "price":18.99,
    "unit_price":"$2.71\/oz",
    "sales_count":null,
    "image_url":"https:\/\/img08.weeecdn.net\/product\/image\/271\/732\/5D23FA7A68A7333E.png!c560x560_q80.auto",
    "source_url":"https:\/\/www.sayweee.com\/en\/category\/meat"
  },
  {
    "category":"meat",
    "product_name":"Gromex Carne Cecina 14 oz",
    "price":11.99,
    "unit_price":"$0.85\/oz",
    "sales_count":50.0,
    "image_url":"https:\/\/img08.weeecdn.net\/product\/image\/057\/004\/13023311FFB89C84.png!c560x560_q80.auto",
    "source_url":"https:\/\/www.sayweee.com\/en\/category\/meat"
  },
  {
    "category":"meat",
    "product_name":"Gromex Carne Enchilada Seasoned Pork 14 oz",
    "price":8.99,
    "unit_price":"$0.64\/oz",
    "sales_count":null,
    "image_url":"https:\/\/img08.weeecdn.net\/product\/image\/926\/017\/39A7235D99847223.jpeg!c560x560_q80.auto",
    "source_url":"https:\/\/www.sayweee.com\/en\/category\/meat"
  },
  {
    "category":"meat",
    "product_name":"Dilusa El Puerquito Chicharron Presado de Cerdo 1 lb",
    "price":8.99,
    "unit_price":"$0.56\/oz",
    "sales_count":null,
    "image_url":"https:\/\/img08.weeecdn.net\/product\/image\/970\/539\/5DD12B797922C3B1.jpeg!c560x560_q80.auto",
    "source_url":"https:\/\/www.sayweee.com\/en\/category\/meat"
  },
  {
    "category":"meat",
    "product_name":"Iberico Pork Ground + Wagyu Blend 1 each",
    "price":19.0,
    "unit_price":"nan",
    "sales_count":null,
    "image_url":"https:\/\/img08.weeecdn.net\/item\/image\/957\/678\/45E07C2EA2AD4703.jpeg!c560x560_q80.auto",
    "source_url":"https:\/\/www.sayweee.com\/en\/category\/meat"
  },
  {
    "category":"meat",
    "product_name":"A5 Japanese Wagyu Filet Mignon Flight | Miyazakigyu 8 oz",
    "price":149.0,
    "unit_price":"$18.62\/oz",
    "sales_count":null,
    "image_url":"https:\/\/img08.weeecdn.net\/item\/image\/476\/292\/1161C7D5F1C4723B.jpeg!c560x560_q80.auto",
    "source_url":"https:\/\/www.sayweee.com\/en\/category\/meat"
  },
  {
    "category":"meat",
    "product_name":"A5 Wagyu Nakaochi Kalbi 1.0 lbs 1 lb",
    "price":159.99,
    "unit_price":"nan",
    "sales_count":null,
    "image_url":"https:\/\/img08.weeecdn.net\/item\/image\/683\/754\/3A33D6719EE60BF8.jpeg!c560x560_q80.auto",
    "source_url":"https:\/\/www.sayweee.com\/en\/category\/meat"
  },
  {
    "category":"meat",
    "product_name":"FROZEN FROGLEGS - ( 6-8 pair per lb.) Farm Raised IPW- 2 Lb\/pack 2 lb",
    "price":69.99,
    "unit_price":"$34.99\/lb",
    "sales_count":null,
    "image_url":"https:\/\/img08.weeecdn.net\/item\/image\/490\/286\/2E84A88F95FD348B.png!c560x560_q80.auto",
    "source_url":"https:\/\/www.sayweee.com\/en\/category\/meat"
  },
  {
    "category":"meat",
    "product_name":"Free Range Pork Iberico Secreto Steak (18oz avg) 1 each",
    "price":55.0,
    "unit_price":"nan",
    "sales_count":null,
    "image_url":"https:\/\/img08.weeecdn.net\/item\/image\/093\/954\/61E9EBDF4DAF5E8E.jpeg!c560x560_q80.auto",
    "source_url":"https:\/\/www.sayweee.com\/en\/category\/meat"
  },
  {
    "category":"meat",
    "product_name":"Free Range Pork Iberico Flank Steak 1 each",
    "price":19.0,
    "unit_price":"nan",
    "sales_count":null,
    "image_url":"https:\/\/img08.weeecdn.net\/item\/image\/559\/673\/30140D975ED78C1D.jpeg!c560x560_q80.auto",
    "source_url":"https:\/\/www.sayweee.com\/en\/category\/meat"
  },
  {
    "category":"meat",
    "product_name":"Ground American Wagyu Beef (16oz portion) 1 each",
    "price":18.0,
    "unit_price":"nan",
    "sales_count":null,
    "image_url":"https:\/\/img08.weeecdn.net\/item\/image\/861\/696\/37190809F9FCBCD6.jpeg!c560x560_q80.auto",
    "source_url":"https:\/\/www.sayweee.com\/en\/category\/meat"
  },
  {
    "category":"meat",
    "product_name":"A5 Japanese Wagyu Beef Striploin Steak | Miyazakigyu 10 oz",
    "price":149.0,
    "unit_price":"$14.90\/oz",
    "sales_count":null,
    "image_url":"https:\/\/img08.weeecdn.net\/item\/image\/389\/567\/64E8C9BD9A5047AE.jpeg!c560x560_q80.auto",
    "source_url":"https:\/\/www.sayweee.com\/en\/category\/meat"
  },
  {
    "category":"meat",
    "product_name":"A5 Japanese Wagyu Beef Ribeye Steak | Miyazakigyu 10 oz",
    "price":149.0,
    "unit_price":"$14.90\/oz",
    "sales_count":null,
    "image_url":"https:\/\/img08.weeecdn.net\/item\/image\/558\/180\/2C4ECD925AFE773D.jpeg!c560x560_q80.auto",
    "source_url":"https:\/\/www.sayweee.com\/en\/category\/meat"
  },
  {
    "category":"meat",
    "product_name":"A5 Wagyu Ribeye 16 oz",
    "price":88.0,
    "unit_price":"$5.50\/oz",
    "sales_count":null,
    "image_url":"https:\/\/img08.weeecdn.net\/item\/image\/791\/870\/54FA377C8C982E6A.png.jpeg!c560x560_q80.auto",
    "source_url":"https:\/\/www.sayweee.com\/en\/category\/meat"
  },
  {
    "category":"meat",
    "product_name":"Beef Small Intestine with Sauce 1 lb",
    "price":40.99,
    "unit_price":"nan",
    "sales_count":null,
    "image_url":"https:\/\/img08.weeecdn.net\/item\/image\/285\/943\/763597DC9AAB05EA.png.jpeg!c560x560_q80.auto",
    "source_url":"https:\/\/www.sayweee.com\/en\/category\/meat"
  },
  {
    "category":"meat",
    "product_name":"A5 Japanese Wagyu Ribeye Steak 16oz 16 oz",
    "price":139.0,
    "unit_price":"$8.68\/oz",
    "sales_count":null,
    "image_url":"https:\/\/img08.weeecdn.net\/item\/image\/693\/167\/5B9F2E38DE34554D.jpeg!c560x560_q80.auto",
    "source_url":"https:\/\/www.sayweee.com\/en\/category\/meat"
  },
  {
    "category":"meat",
    "product_name":"A5 Tontoro Pork 1.60lbs 1.5 lb",
    "price":89.99,
    "unit_price":"$59.99\/lb",
    "sales_count":null,
    "image_url":"https:\/\/img08.weeecdn.net\/item\/image\/143\/592\/5DF0E06ED2614F4A.jpeg!c560x560_q80.auto",
    "source_url":"https:\/\/www.sayweee.com\/en\/category\/meat"
  },
  {
    "category":"meat",
    "product_name":"A5 Japanese\"Satsuma\" Wagyu Stripeloin 16oz 16 oz",
    "price":189.99,
    "unit_price":"$11.87\/oz",
    "sales_count":null,
    "image_url":"https:\/\/img08.weeecdn.net\/item\/image\/629\/560\/F3060EF15295C9F.jpeg!c560x560_q80.auto",
    "source_url":"https:\/\/www.sayweee.com\/en\/category\/meat"
  },
  {
    "category":"meat",
    "product_name":"A5 Japanese Wagyu Filet Mignon (8oz portion) 1 pack 1 each",
    "price":139.0,
    "unit_price":"nan",
    "sales_count":null,
    "image_url":"https:\/\/img08.weeecdn.net\/item\/image\/427\/722\/6ADB551837634060.jpeg!c560x560_q80.auto",
    "source_url":"https:\/\/www.sayweee.com\/en\/category\/meat"
  },
  {
    "category":"meat",
    "product_name":"A5 Japanese Wagyu Filet Mignon (8oz) 2 pack 1 each",
    "price":229.0,
    "unit_price":"nan",
    "sales_count":null,
    "image_url":"https:\/\/img08.weeecdn.net\/item\/image\/440\/672\/19559ACA169E829D.webp!c560x560_q80.auto",
    "source_url":"https:\/\/www.sayweee.com\/en\/category\/meat"
  },
  {
    "category":"meat",
    "product_name":"A5 Japanese Wagyu Ribeye Steak (16oz portion) 1 each",
    "price":199.0,
    "unit_price":"nan",
    "sales_count":null,
    "image_url":"https:\/\/img08.weeecdn.net\/item\/image\/730\/255\/1F01A7F76EE06F99.jpeg!c560x560_q80.auto",
    "source_url":"https:\/\/www.sayweee.com\/en\/category\/meat"
  },
  {
    "category":"meat",
    "product_name":"A5 Japanese Wagyu New York Strip (14oz portion) 1 each",
    "price":199.0,
    "unit_price":"nan",
    "sales_count":null,
    "image_url":"https:\/\/img08.weeecdn.net\/item\/image\/889\/843\/41BD45948D4A0F02.jpeg!c560x560_q80.auto",
    "source_url":"https:\/\/www.sayweee.com\/en\/category\/meat"
  },
  {
    "category":"meat",
    "product_name":"Jidori Free Range Chicken Breast (12oz portion) 1 each",
    "price":20.0,
    "unit_price":"nan",
    "sales_count":null,
    "image_url":"https:\/\/img08.weeecdn.net\/item\/image\/324\/055\/794D5505BBE15FB3.jpeg!c560x560_q80.auto",
    "source_url":"https:\/\/www.sayweee.com\/en\/category\/meat"
  },
  {
    "category":"meat",
    "product_name":"A5 Japanese Wagyu Skewer Pieces 1 each",
    "price":59.0,
    "unit_price":"nan",
    "sales_count":null,
    "image_url":"https:\/\/img08.weeecdn.net\/item\/image\/674\/702\/1911BC0ECD8BD8A5.jpeg!c560x560_q80.auto",
    "source_url":"https:\/\/www.sayweee.com\/en\/category\/meat"
  },
  {
    "category":"meat",
    "product_name":"Free Range Pork Iberico Presa (Denver Steak) 1 each",
    "price":29.0,
    "unit_price":"nan",
    "sales_count":null,
    "image_url":"https:\/\/img08.weeecdn.net\/item\/image\/994\/471\/368A6F3EE1C6C29A.jpeg!c560x560_q80.auto",
    "source_url":"https:\/\/www.sayweee.com\/en\/category\/meat"
  },
  {
    "category":"meat",
    "product_name":"A5 Japanese Wagyu Beef Rib Finger Meat | Miyazaki 19 oz",
    "price":149.0,
    "unit_price":"$7.84\/oz",
    "sales_count":null,
    "image_url":"https:\/\/img08.weeecdn.net\/item\/image\/033\/865\/E159188916B8DA8.png!c560x560_q80.auto",
    "source_url":"https:\/\/www.sayweee.com\/en\/category\/meat"
  },
  {
    "category":"meat",
    "product_name":"A5 Japanese Wagyu Ribeye Steak, 1LB (16oz) 1 each",
    "price":199.0,
    "unit_price":"nan",
    "sales_count":null,
    "image_url":"https:\/\/img08.weeecdn.net\/item\/image\/209\/227\/6F84C5C702E4217.webp!c560x560_q80.auto",
    "source_url":"https:\/\/www.sayweee.com\/en\/category\/meat"
  },
  {
    "category":"meat",
    "product_name":"A5 Japanese Wagyu Filet Mignon Steak, Vacuum Pack (8oz) 1 each",
    "price":139.0,
    "unit_price":"nan",
    "sales_count":null,
    "image_url":"https:\/\/img08.weeecdn.net\/item\/image\/992\/114\/764E98154A49D8B6.jpeg!c560x560_q80.auto",
    "source_url":"https:\/\/www.sayweee.com\/en\/category\/meat"
  },
  {
    "category":"meat",
    "product_name":"A5 Japanese Wagyu Ribeye Steak 3 packs (3LBS) 1 each",
    "price":519.0,
    "unit_price":"nan",
    "sales_count":null,
    "image_url":"https:\/\/img08.weeecdn.net\/item\/image\/682\/715\/7832A7D33F4F6C6.webp!c560x560_q80.auto",
    "source_url":"https:\/\/www.sayweee.com\/en\/category\/meat"
  },
  {
    "category":"meat",
    "product_name":"A5 Japanese Wagyu Filet Mignon (Bulk Case) 4 packs 1 each",
    "price":449.0,
    "unit_price":"nan",
    "sales_count":null,
    "image_url":"https:\/\/img08.weeecdn.net\/item\/image\/320\/840\/24DA120F23A5637F.jpeg!c560x560_q80.auto",
    "source_url":"https:\/\/www.sayweee.com\/en\/category\/meat"
  },
  {
    "category":"meat",
    "product_name":"A5 Japanese Wagyu New York Strip Steak (12oz) 1 each",
    "price":199.0,
    "unit_price":"nan",
    "sales_count":null,
    "image_url":"https:\/\/img08.weeecdn.net\/item\/image\/509\/292\/38191A2E590AC69D.webp!c560x560_q80.auto",
    "source_url":"https:\/\/www.sayweee.com\/en\/category\/meat"
  },
  {
    "category":"meat",
    "product_name":"A5 Japanese Wagyu NY Strip Steak 3 pack 1 each",
    "price":499.0,
    "unit_price":"nan",
    "sales_count":null,
    "image_url":"https:\/\/img08.weeecdn.net\/item\/image\/273\/496\/78682204C2A18914.webp!c560x560_q80.auto",
    "source_url":"https:\/\/www.sayweee.com\/en\/category\/meat"
  },
  {
    "category":"meat",
    "product_name":"A5 Japanese Wagyu Ribeye 1 each",
    "price":987.0,
    "unit_price":"nan",
    "sales_count":null,
    "image_url":"https:\/\/img08.weeecdn.net\/item\/image\/202\/279\/2510B49F45C0B332.jpeg!c560x560_q80.auto",
    "source_url":"https:\/\/www.sayweee.com\/en\/category\/meat"
  },
  {
    "category":"meat",
    "product_name":"A5 Wagyu Tenderloin 1 each",
    "price":978.0,
    "unit_price":"nan",
    "sales_count":null,
    "image_url":"https:\/\/img08.weeecdn.net\/item\/image\/803\/977\/5F9D581C27F4F52B.jpeg!c560x560_q80.auto",
    "source_url":"https:\/\/www.sayweee.com\/en\/category\/meat"
  },
  {
    "category":"meat",
    "product_name":"A5 Striploin Slice 16oz 1 each",
    "price":149.0,
    "unit_price":"nan",
    "sales_count":null,
    "image_url":"https:\/\/img08.weeecdn.net\/item\/image\/082\/110\/4D61BBE198B400A1.jpeg!c560x560_q80.auto",
    "source_url":"https:\/\/www.sayweee.com\/en\/category\/meat"
  },
  {
    "category":"meat",
    "product_name":"A5 Japanese Takamori Wagyu Ribeye 10oz 1 each",
    "price":382.0,
    "unit_price":"nan",
    "sales_count":null,
    "image_url":"https:\/\/img08.weeecdn.net\/item\/image\/609\/663\/51BECF02B8708029.jpeg!c560x560_q80.auto",
    "source_url":"https:\/\/www.sayweee.com\/en\/category\/meat"
  },
  {
    "category":"meat",
    "product_name":"A5 Japanese Omi Wagyu Striploin 8lbs 1 each",
    "price":1149.0,
    "unit_price":"nan",
    "sales_count":null,
    "image_url":"https:\/\/img08.weeecdn.net\/item\/image\/481\/571\/4E6D47B8AEB4B7F2.jpeg!c560x560_q80.auto",
    "source_url":"https:\/\/www.sayweee.com\/en\/category\/meat"
  },
  {
    "category":"meat",
    "product_name":"Duck Confit - Slow Cooked Duck Legs (2 per pack) 1 each",
    "price":26.0,
    "unit_price":"nan",
    "sales_count":null,
    "image_url":"https:\/\/img08.weeecdn.net\/item\/image\/598\/382\/29DB87CDCCBBA5DE.jpeg!c560x560_q80.auto",
    "source_url":"https:\/\/www.sayweee.com\/en\/category\/meat"
  },
  {
    "category":"meat",
    "product_name":"A5 NY Strip 14 oz",
    "price":88.0,
    "unit_price":"$6.28\/oz",
    "sales_count":null,
    "image_url":"https:\/\/img08.weeecdn.net\/item\/image\/853\/013\/5688F1DB12A79362.png.jpeg!c560x560_q80.auto",
    "source_url":"https:\/\/www.sayweee.com\/en\/category\/meat"
  },
  {
    "category":"meat",
    "product_name":"A5 Wagyu Bulgogi Cut 8 oz",
    "price":39.0,
    "unit_price":"$4.87\/oz",
    "sales_count":null,
    "image_url":"https:\/\/img08.weeecdn.net\/item\/image\/842\/866\/560CE8E1805B744E.png.jpeg!c560x560_q80.auto",
    "source_url":"https:\/\/www.sayweee.com\/en\/category\/meat"
  },
  {
    "category":"meat",
    "product_name":"Jamon Iberico Ham (Rear Leg), Spanish Pork 1 each",
    "price":799.0,
    "unit_price":"nan",
    "sales_count":null,
    "image_url":"https:\/\/img08.weeecdn.net\/item\/image\/273\/632\/40B01AA2A87EF663.jpeg!c560x560_q80.auto",
    "source_url":"https:\/\/www.sayweee.com\/en\/category\/meat"
  },
  {
    "category":"meat",
    "product_name":"60-day Dry Aged Kansas Steak, Bone-in NY (22oz) 1 each",
    "price":129.0,
    "unit_price":"nan",
    "sales_count":null,
    "image_url":"https:\/\/img08.weeecdn.net\/item\/image\/271\/108\/33F61B285055AC7D.png.jpeg!c560x560_q80.auto",
    "source_url":"https:\/\/www.sayweee.com\/en\/category\/meat"
  },
  {
    "category":"meat",
    "product_name":"60-day Dry Aged T-Bone Steak (36oz) 1 each",
    "price":179.0,
    "unit_price":"nan",
    "sales_count":null,
    "image_url":"https:\/\/img08.weeecdn.net\/item\/image\/736\/172\/6ABBEFADA7AA3ED8.png.jpeg!c560x560_q80.auto",
    "source_url":"https:\/\/www.sayweee.com\/en\/category\/meat"
  },
  {
    "category":"meat",
    "product_name":"60-day Dry Aged Porterhouse Steak (36oz) 1 each",
    "price":199.0,
    "unit_price":"nan",
    "sales_count":null,
    "image_url":"https:\/\/img08.weeecdn.net\/item\/image\/879\/505\/5C7A2F0BF99E4B.png.jpeg!c560x560_q80.auto",
    "source_url":"https:\/\/www.sayweee.com\/en\/category\/meat"
  },
  {
    "category":"meat",
    "product_name":"Black Angus Beef Brisket Point Slice Cut 1 lb",
    "price":27.99,
    "unit_price":"nan",
    "sales_count":null,
    "image_url":"https:\/\/img08.weeecdn.net\/item\/image\/898\/697\/58242C37ACFD1733.png.jpeg!c560x560_q80.auto",
    "source_url":"https:\/\/www.sayweee.com\/en\/category\/meat"
  },
  {
    "category":"meat",
    "product_name":"Beef Large Intestine with Sauce 1.1 lb",
    "price":37.99,
    "unit_price":"$34.53\/lb",
    "sales_count":null,
    "image_url":"https:\/\/img08.weeecdn.net\/item\/image\/441\/526\/4FBC3CC01F2F47D4.png.jpeg!c560x560_q80.auto",
    "source_url":"https:\/\/www.sayweee.com\/en\/category\/meat"
  },
  {
    "category":"meat",
    "product_name":"Iberico Pork Shoulder Boneless for BBQ 2.26 lb",
    "price":73.99,
    "unit_price":"$32.73\/lb",
    "sales_count":null,
    "image_url":"https:\/\/img08.weeecdn.net\/item\/image\/396\/757\/5A7CDC4650B8F6A9.png.jpeg!c560x560_q80.auto",
    "source_url":"https:\/\/www.sayweee.com\/en\/category\/meat"
  },
  {
    "category":"meat",
    "product_name":"Australian Wagyu Flat Iron Steak BMS 8-9 8 oz",
    "price":41.99,
    "unit_price":"$5.24\/oz",
    "sales_count":null,
    "image_url":"https:\/\/img08.weeecdn.net\/item\/image\/073\/461\/61BDDCA748FF5A14.png.jpeg!c560x560_q80.auto",
    "source_url":"https:\/\/www.sayweee.com\/en\/category\/meat"
  },
  {
    "category":"meat",
    "product_name":"Australian Wagyu Denver Steak BMS 8-9 8 oz",
    "price":56.99,
    "unit_price":"$7.12\/oz",
    "sales_count":null,
    "image_url":"https:\/\/img08.weeecdn.net\/item\/image\/884\/293\/3622C1F194D0CCF5.png.jpeg!c560x560_q80.auto",
    "source_url":"https:\/\/www.sayweee.com\/en\/category\/meat"
  },
  {
    "category":"meat",
    "product_name":"Large Intestine with Pickled Perilla Leaves 3 PACK 66 oz",
    "price":135.84,
    "unit_price":"$2.05\/oz",
    "sales_count":null,
    "image_url":"https:\/\/img08.weeecdn.net\/item\/image\/367\/437\/4007FC94E5826C06.png.jpeg!c560x560_q80.auto",
    "source_url":"https:\/\/www.sayweee.com\/en\/category\/meat"
  },
  {
    "category":"meat",
    "product_name":"Korean Pork Soup 6 PACKS 198 oz",
    "price":144.39,
    "unit_price":"$0.72\/oz",
    "sales_count":null,
    "image_url":"https:\/\/img08.weeecdn.net\/item\/image\/988\/438\/29E1576585E61D2.png.jpeg!c560x560_q80.auto",
    "source_url":"https:\/\/www.sayweee.com\/en\/category\/meat"
  },
  {
    "category":"meat",
    "product_name":"Blood Sausage Soup 5 PACKS 180 oz",
    "price":152.94,
    "unit_price":"$0.84\/oz",
    "sales_count":null,
    "image_url":"https:\/\/img08.weeecdn.net\/item\/image\/722\/171\/63DE45B78AF50318.png.jpeg!c560x560_q80.auto",
    "source_url":"https:\/\/www.sayweee.com\/en\/category\/meat"
  },
  {
    "category":"meat",
    "product_name":"Beef Bulgogi 5 PACKS 140 oz",
    "price":115.51,
    "unit_price":"$0.82\/oz",
    "sales_count":null,
    "image_url":"https:\/\/img08.weeecdn.net\/item\/image\/345\/754\/2602A8532B163CF5.png.jpeg!c560x560_q80.auto",
    "source_url":"https:\/\/www.sayweee.com\/en\/category\/meat"
  },
  {
    "category":"meat",
    "product_name":"Spicy Pork 6 PACKS 168 oz",
    "price":150.37,
    "unit_price":"$0.89\/oz",
    "sales_count":null,
    "image_url":"https:\/\/img08.weeecdn.net\/item\/image\/069\/150\/3ADD0E412C00F70F.png.jpeg!c560x560_q80.auto",
    "source_url":"https:\/\/www.sayweee.com\/en\/category\/meat"
  },
  {
    "category":"meat",
    "product_name":"Spicy Braised Beef Back Rib 2 PACKS 260 oz",
    "price":152.94,
    "unit_price":"$0.58\/oz",
    "sales_count":null,
    "image_url":"https:\/\/img08.weeecdn.net\/item\/image\/845\/971\/7C8F227593DC0C5D.png.jpeg!c560x560_q80.auto",
    "source_url":"https:\/\/www.sayweee.com\/en\/category\/meat"
  },
  {
    "category":"meat",
    "product_name":"Braised beef short ribs Galbijjim 2 PACKS 64 oz",
    "price":170.04,
    "unit_price":"$2.65\/oz",
    "sales_count":null,
    "image_url":"https:\/\/img08.weeecdn.net\/item\/image\/966\/481\/E105AF8464CDB1E.png.jpeg!c560x560_q80.auto",
    "source_url":"https:\/\/www.sayweee.com\/en\/category\/meat"
  },
  {
    "category":"meat",
    "product_name":"Korean-Style Hot Pot Bulgogi 5 PACKS 150 oz",
    "price":132.51,
    "unit_price":"$0.88\/oz",
    "sales_count":null,
    "image_url":"https:\/\/img08.weeecdn.net\/item\/image\/280\/444\/7BA9E266FA127D7B.png.jpeg!c560x560_q80.auto",
    "source_url":"https:\/\/www.sayweee.com\/en\/category\/meat"
  },
  {
    "category":"meat",
    "product_name":"Housemade 4 Assorted Pancakes Set 4 PACKS 120 oz",
    "price":145.34,
    "unit_price":"$1.21\/oz",
    "sales_count":null,
    "image_url":"https:\/\/img08.weeecdn.net\/item\/image\/100\/361\/445FA6C5F2755B2E.png.jpeg!c560x560_q80.auto",
    "source_url":"https:\/\/www.sayweee.com\/en\/category\/meat"
  },
  {
    "category":"meat",
    "product_name":"Budaejjigae - Korean Army Stew 6 PACKS 228 oz",
    "price":141.92,
    "unit_price":"$0.62\/oz",
    "sales_count":null,
    "image_url":"https:\/\/img08.weeecdn.net\/item\/image\/379\/855\/2242141B68F31C6F.png.jpeg!c560x560_q80.auto",
    "source_url":"https:\/\/www.sayweee.com\/en\/category\/meat"
  },
  {
    "category":"meat",
    "product_name":"Andong Jjimdak - Korean Braised Chicken 2 PACKS 180 oz",
    "price":133.37,
    "unit_price":"$0.74\/oz",
    "sales_count":null,
    "image_url":"https:\/\/img08.weeecdn.net\/item\/image\/230\/158\/22BEB77BFCC29479.png.jpeg!c560x560_q80.auto",
    "source_url":"https:\/\/www.sayweee.com\/en\/category\/meat"
  },
  {
    "category":"meat",
    "product_name":"Korean Complete Meal Set 177 oz",
    "price":147.9,
    "unit_price":"$0.83\/oz",
    "sales_count":null,
    "image_url":"https:\/\/img08.weeecdn.net\/item\/image\/203\/695\/415009C602418EA7.png.jpeg!c560x560_q80.auto",
    "source_url":"https:\/\/www.sayweee.com\/en\/category\/meat"
  },
  {
    "category":"meat",
    "product_name":"Extra Dry Aged Ribeye, Black Angus (16oz) 1 each",
    "price":85.0,
    "unit_price":"nan",
    "sales_count":null,
    "image_url":"https:\/\/img08.weeecdn.net\/item\/image\/057\/835\/3C49E30F23E55F30.png.jpeg!c560x560_q80.auto",
    "source_url":"https:\/\/www.sayweee.com\/en\/category\/meat"
  },
  {
    "category":"meat",
    "product_name":"Dry Aged Ribeye, Black Angus Prime (16oz) 1 each",
    "price":75.0,
    "unit_price":"nan",
    "sales_count":null,
    "image_url":"https:\/\/img08.weeecdn.net\/item\/image\/438\/431\/69C8C463E2C0E26E.png.jpeg!c560x560_q80.auto",
    "source_url":"https:\/\/www.sayweee.com\/en\/category\/meat"
  },
  {
    "category":"meat",
    "product_name":"Jidori Chicken Breast, Boneless & Skinless 1 each",
    "price":9.0,
    "unit_price":"nan",
    "sales_count":null,
    "image_url":"https:\/\/img08.weeecdn.net\/item\/image\/527\/477\/4F9DD4025E6D7E6.jpeg!c560x560_q80.auto",
    "source_url":"https:\/\/www.sayweee.com\/en\/category\/meat"
  },
  {
    "category":"meat",
    "product_name":"Jidori Chicken Breast Boneless, Free Range 6 oz*8 pack",
    "price":69.0,
    "unit_price":"$1.43\/oz",
    "sales_count":null,
    "image_url":"https:\/\/img08.weeecdn.net\/item\/image\/710\/462\/D429C76814D62EE.webp!c560x560_q80.auto",
    "source_url":"https:\/\/www.sayweee.com\/en\/category\/meat"
  },
  {
    "category":"meat",
    "product_name":"Traditional Taiwanese Braised Pork 1 lb",
    "price":13.0,
    "unit_price":"nan",
    "sales_count":null,
    "image_url":"https:\/\/img08.weeecdn.net\/item\/image\/149\/073\/AE377525F803A92.jpeg!c560x560_q80.auto",
    "source_url":"https:\/\/www.sayweee.com\/en\/category\/meat"
  },
  {
    "category":"meat",
    "product_name":"Natural Prime Grass Fed Plate Short Ribs (Korean Style) (16oz portion) 1 each",
    "price":49.0,
    "unit_price":"nan",
    "sales_count":null,
    "image_url":"https:\/\/img08.weeecdn.net\/item\/image\/241\/200\/4F7841D35719350E.jpeg!c560x560_q80.auto",
    "source_url":"https:\/\/www.sayweee.com\/en\/category\/meat"
  },
  {
    "category":"sauce",
    "product_name":"South Word Brand Yellow Rock Sugar 14 oz",
    "price":2.79,
    "unit_price":"$0.19\/oz",
    "sales_count":null,
    "image_url":"https:\/\/img08.weeecdn.net\/product\/image\/851\/084\/5925F995A5560C01.png!c560x560_q80.auto",
    "source_url":"https:\/\/www.sayweee.com\/en\/category\/seasoning09\/Sugar?page=1&offset=0&filters=%7B%22catalogue_num%22%3A%22seasoning09%22%7D&trigger_type=taxonomy_seasoning09&filter_sub_category=seasoning"
  },
  {
    "category":"sauce",
    "product_name":"Chic Jiang Bridge Yellow Crystal Candy Sugar 14 oz",
    "price":4.49,
    "unit_price":"$0.32\/oz",
    "sales_count":null,
    "image_url":"https:\/\/img08.weeecdn.net\/item\/image\/809\/582\/46E5042804F12D75.jpg!c560x560_q80.auto",
    "source_url":"https:\/\/www.sayweee.com\/en\/category\/seasoning09\/Sugar?page=1&offset=0&filters=%7B%22catalogue_num%22%3A%22seasoning09%22%7D&trigger_type=taxonomy_seasoning09&filter_sub_category=seasoning"
  },
  {
    "category":"sauce",
    "product_name":"Deep Jaggery Powder (Unrefined Cane Sugar Powder) 1 lb",
    "price":3.29,
    "unit_price":"$0.20\/oz",
    "sales_count":300.0,
    "image_url":"https:\/\/img08.weeecdn.net\/product\/image\/972\/697\/618611F116D5256E.png!c560x560_q80.auto",
    "source_url":"https:\/\/www.sayweee.com\/en\/category\/seasoning09\/Sugar?page=1&offset=0&filters=%7B%22catalogue_num%22%3A%22seasoning09%22%7D&trigger_type=taxonomy_seasoning09&filter_sub_category=seasoning"
  },
  {
    "category":"sauce",
    "product_name":"O-Cha Palm Sugar 21 oz",
    "price":5.49,
    "unit_price":"$0.26\/oz",
    "sales_count":200.0,
    "image_url":"https:\/\/img08.weeecdn.net\/product\/image\/626\/682\/65ACD43BF365307D.png!c560x560_q80.auto",
    "source_url":"https:\/\/www.sayweee.com\/en\/category\/seasoning09\/Sugar?page=1&offset=0&filters=%7B%22catalogue_num%22%3A%22seasoning09%22%7D&trigger_type=taxonomy_seasoning09&filter_sub_category=seasoning"
  },
  {
    "category":"sauce",
    "product_name":"Chic Jiang Bridge White Crystal Candy Sugar 14 oz",
    "price":4.49,
    "unit_price":"$0.32\/oz",
    "sales_count":null,
    "image_url":"https:\/\/img08.weeecdn.net\/item\/image\/739\/955\/51B8E1DEE38F46F7.jpg!c560x560_q80.auto",
    "source_url":"https:\/\/www.sayweee.com\/en\/category\/seasoning09\/Sugar?page=1&offset=0&filters=%7B%22catalogue_num%22%3A%22seasoning09%22%7D&trigger_type=taxonomy_seasoning09&filter_sub_category=seasoning"
  },
  {
    "category":"sauce",
    "product_name":"Domino Premium Pure Cane Granulated Sugar 4 lb",
    "price":6.49,
    "unit_price":"$0.10\/oz",
    "sales_count":100.0,
    "image_url":"https:\/\/img08.weeecdn.net\/product\/image\/221\/313\/632D0EC0FEA1407C.png!c560x560_q80.auto",
    "source_url":"https:\/\/www.sayweee.com\/en\/category\/seasoning09\/Sugar?page=1&offset=0&filters=%7B%22catalogue_num%22%3A%22seasoning09%22%7D&trigger_type=taxonomy_seasoning09&filter_sub_category=seasoning"
  },
  {
    "category":"sauce",
    "product_name":"Brown Sugar 800 g",
    "price":7.79,
    "unit_price":"$0.27\/oz",
    "sales_count":200.0,
    "image_url":"https:\/\/img08.weeecdn.net\/product\/image\/069\/785\/638ABB6ACAF6EB7F.png!c560x560_q80.auto",
    "source_url":"https:\/\/www.sayweee.com\/en\/category\/seasoning09\/Sugar?page=1&offset=0&filters=%7B%22catalogue_num%22%3A%22seasoning09%22%7D&trigger_type=taxonomy_seasoning09&filter_sub_category=seasoning"
  },
  {
    "category":"sauce",
    "product_name":"Otoki Korean Corn Syrup 700 g",
    "price":4.29,
    "unit_price":"$0.17\/oz",
    "sales_count":100.0,
    "image_url":"https:\/\/img08.weeecdn.net\/product\/image\/478\/897\/4B7481FB77EE5845.png!c560x560_q80.auto",
    "source_url":"https:\/\/www.sayweee.com\/en\/category\/seasoning09\/Sugar?page=1&offset=0&filters=%7B%22catalogue_num%22%3A%22seasoning09%22%7D&trigger_type=taxonomy_seasoning09&filter_sub_category=seasoning"
  },
  {
    "category":"sauce",
    "product_name":"Chi-Sheng Brown Sugar 300 g",
    "price":2.99,
    "unit_price":"$0.28\/oz",
    "sales_count":50.0,
    "image_url":"https:\/\/img08.weeecdn.net\/product\/image\/318\/893\/55E6D682BEAEAA48.png!c560x560_q80.auto",
    "source_url":"https:\/\/www.sayweee.com\/en\/category\/seasoning09\/Sugar?page=1&offset=0&filters=%7B%22catalogue_num%22%3A%22seasoning09%22%7D&trigger_type=taxonomy_seasoning09&filter_sub_category=seasoning"
  },
  {
    "category":"sauce",
    "product_name":"South Word Brand Brown Candy in Pieces 400 g",
    "price":2.49,
    "unit_price":"$0.17\/oz",
    "sales_count":200.0,
    "image_url":"https:\/\/img08.weeecdn.net\/item\/image\/438\/698\/22F487AE37162C3C.jpg!c560x560_q80.auto",
    "source_url":"https:\/\/www.sayweee.com\/en\/category\/seasoning09\/Sugar?page=1&offset=0&filters=%7B%22catalogue_num%22%3A%22seasoning09%22%7D&trigger_type=taxonomy_seasoning09&filter_sub_category=seasoning"
  },
  {
    "category":"sauce",
    "product_name":"Red Rock Sugar 600 g",
    "price":6.99,
    "unit_price":"$0.33\/oz",
    "sales_count":50.0,
    "image_url":"https:\/\/img08.weeecdn.net\/product\/image\/056\/830\/23501A783509D7C3.png!c560x560_q80.auto",
    "source_url":"https:\/\/www.sayweee.com\/en\/category\/seasoning09\/Sugar?page=1&offset=0&filters=%7B%22catalogue_num%22%3A%22seasoning09%22%7D&trigger_type=taxonomy_seasoning09&filter_sub_category=seasoning"
  },
  {
    "category":"sauce",
    "product_name":"Q ONE Brown Sugar (Zipper Bag) 2.2 lb",
    "price":5.49,
    "unit_price":"$0.15\/oz",
    "sales_count":null,
    "image_url":"https:\/\/img08.weeecdn.net\/product\/image\/585\/822\/71D504F9ABAA085.png!c560x560_q80.auto",
    "source_url":"https:\/\/www.sayweee.com\/en\/category\/seasoning09\/Sugar?page=1&offset=0&filters=%7B%22catalogue_num%22%3A%22seasoning09%22%7D&trigger_type=taxonomy_seasoning09&filter_sub_category=seasoning"
  },
  {
    "category":"sauce",
    "product_name":"Chi-Sheng Cane Sugar 500 g",
    "price":3.49,
    "unit_price":"$0.19\/oz",
    "sales_count":50.0,
    "image_url":"https:\/\/img08.weeecdn.net\/item\/image\/771\/307\/441458B0A0349391.jpg!c560x560_q80.auto",
    "source_url":"https:\/\/www.sayweee.com\/en\/category\/seasoning09\/Sugar?page=1&offset=0&filters=%7B%22catalogue_num%22%3A%22seasoning09%22%7D&trigger_type=taxonomy_seasoning09&filter_sub_category=seasoning"
  },
  {
    "category":"sauce",
    "product_name":"Dongcheng White Sugar 300 g",
    "price":3.29,
    "unit_price":"$0.31\/oz",
    "sales_count":null,
    "image_url":"https:\/\/img08.weeecdn.net\/product\/image\/727\/626\/48DBA4D6ADA463B2.png!c560x560_q80.auto",
    "source_url":"https:\/\/www.sayweee.com\/en\/category\/seasoning09\/Sugar?page=1&offset=0&filters=%7B%22catalogue_num%22%3A%22seasoning09%22%7D&trigger_type=taxonomy_seasoning09&filter_sub_category=seasoning"
  },
  {
    "category":"sauce",
    "product_name":"South Word Brand Crystal Sugar 400 g",
    "price":2.29,
    "unit_price":"$0.16\/oz",
    "sales_count":null,
    "image_url":"https:\/\/img08.weeecdn.net\/item\/image\/231\/628\/496C58353007A68A.jpg!c560x560_q80.auto",
    "source_url":"https:\/\/www.sayweee.com\/en\/category\/seasoning09\/Sugar?page=1&offset=0&filters=%7B%22catalogue_num%22%3A%22seasoning09%22%7D&trigger_type=taxonomy_seasoning09&filter_sub_category=seasoning"
  },
  {
    "category":"sauce",
    "product_name":"Tiancheng Pure Sugar 400 g",
    "price":3.29,
    "unit_price":"$0.23\/oz",
    "sales_count":null,
    "image_url":"https:\/\/img08.weeecdn.net\/item\/image\/194\/122\/7470293E20A8A3E8.jpg!c560x560_q80.auto",
    "source_url":"https:\/\/www.sayweee.com\/en\/category\/seasoning09\/Sugar?page=1&offset=0&filters=%7B%22catalogue_num%22%3A%22seasoning09%22%7D&trigger_type=taxonomy_seasoning09&filter_sub_category=seasoning"
  },
  {
    "category":"sauce",
    "product_name":"CJ Dark Brown Sugar 1000 g",
    "price":9.99,
    "unit_price":"$0.28\/oz",
    "sales_count":null,
    "image_url":"https:\/\/img08.weeecdn.net\/item\/image\/473\/500\/55F93A146D5D5E4C.jpg!c560x560_q80.auto",
    "source_url":"https:\/\/www.sayweee.com\/en\/category\/seasoning09\/Sugar?page=1&offset=0&filters=%7B%22catalogue_num%22%3A%22seasoning09%22%7D&trigger_type=taxonomy_seasoning09&filter_sub_category=seasoning"
  },
  {
    "category":"sauce",
    "product_name":"Shuanglipai Yellow Lump Rock Candy 16 oz",
    "price":4.79,
    "unit_price":"$0.29\/oz",
    "sales_count":null,
    "image_url":"https:\/\/img08.weeecdn.net\/item\/image\/663\/093\/280103D57379A02A.jpg!c560x560_q80.auto",
    "source_url":"https:\/\/www.sayweee.com\/en\/category\/seasoning09\/Sugar?page=1&offset=0&filters=%7B%22catalogue_num%22%3A%22seasoning09%22%7D&trigger_type=taxonomy_seasoning09&filter_sub_category=seasoning"
  },
  {
    "category":"sauce",
    "product_name":"Karupati Palm Jaggery Powder 454 g",
    "price":8.49,
    "unit_price":"$0.52\/oz",
    "sales_count":null,
    "image_url":"https:\/\/img08.weeecdn.net\/product\/image\/378\/620\/7CD8EA48E0345A29.png!c560x560_q80.auto",
    "source_url":"https:\/\/www.sayweee.com\/en\/category\/seasoning09\/Sugar?page=1&offset=0&filters=%7B%22catalogue_num%22%3A%22seasoning09%22%7D&trigger_type=taxonomy_seasoning09&filter_sub_category=seasoning"
  },
  {
    "category":"sauce",
    "product_name":"Shuanglipai White Rock Sugar 16 oz",
    "price":4.79,
    "unit_price":"$0.29\/oz",
    "sales_count":null,
    "image_url":"https:\/\/img08.weeecdn.net\/item\/image\/841\/835\/40091478AA8BA5F4.jpg!c560x560_q80.auto",
    "source_url":"https:\/\/www.sayweee.com\/en\/category\/seasoning09\/Sugar?page=1&offset=0&filters=%7B%22catalogue_num%22%3A%22seasoning09%22%7D&trigger_type=taxonomy_seasoning09&filter_sub_category=seasoning"
  },
  {
    "category":"sauce",
    "product_name":"Japanese Imported Sugar Pearl 1000 g",
    "price":6.99,
    "unit_price":"$0.19\/oz",
    "sales_count":null,
    "image_url":"https:\/\/img08.weeecdn.net\/product\/image\/946\/343\/62A802CB088C111E.png!c560x560_q80.auto",
    "source_url":"https:\/\/www.sayweee.com\/en\/category\/seasoning09\/Sugar?page=1&offset=0&filters=%7B%22catalogue_num%22%3A%22seasoning09%22%7D&trigger_type=taxonomy_seasoning09&filter_sub_category=seasoning"
  },
  {
    "category":"sauce",
    "product_name":"Pearl River Bridge Rock Candy (Yellow Lump) 454 g",
    "price":2.29,
    "unit_price":"$0.14\/oz",
    "sales_count":100.0,
    "image_url":"https:\/\/img08.weeecdn.net\/product\/image\/167\/193\/7E1749073BF0721B.png!c560x560_q80.auto",
    "source_url":"https:\/\/www.sayweee.com\/en\/category\/seasoning09\/Sugar?page=1&offset=0&filters=%7B%22catalogue_num%22%3A%22seasoning09%22%7D&trigger_type=taxonomy_seasoning09&filter_sub_category=seasoning"
  },
  {
    "category":"sauce",
    "product_name":"Red Leaf Rock Sugar 400 g",
    "price":4.29,
    "unit_price":"$0.30\/oz",
    "sales_count":null,
    "image_url":"https:\/\/img08.weeecdn.net\/product\/image\/031\/827\/6BEC55D415F29FEE.png!c560x560_q80.auto",
    "source_url":"https:\/\/www.sayweee.com\/en\/category\/seasoning09\/Sugar?page=1&offset=0&filters=%7B%22catalogue_num%22%3A%22seasoning09%22%7D&trigger_type=taxonomy_seasoning09&filter_sub_category=seasoning"
  },
  {
    "category":"sauce",
    "product_name":"Molina Mexican Vanilla Blend 8.3 oz",
    "price":2.49,
    "unit_price":"$0.30\/oz",
    "sales_count":50.0,
    "image_url":"https:\/\/img08.weeecdn.net\/item\/image\/548\/076\/4FC6A04AF31225B5.jpg!c560x560_q80.auto",
    "source_url":"https:\/\/www.sayweee.com\/en\/category\/seasoning09\/Sugar?page=1&offset=0&filters=%7B%22catalogue_num%22%3A%22seasoning09%22%7D&trigger_type=taxonomy_seasoning09&filter_sub_category=seasoning"
  },
  {
    "category":"sauce",
    "product_name":"Sun Right Crystal Sugar 600 g",
    "price":6.29,
    "unit_price":"$0.29\/oz",
    "sales_count":50.0,
    "image_url":"https:\/\/img08.weeecdn.net\/item\/image\/471\/516\/6822A4C9B9A41BCE.jpg!c560x560_q80.auto",
    "source_url":"https:\/\/www.sayweee.com\/en\/category\/seasoning09\/Sugar?page=1&offset=0&filters=%7B%22catalogue_num%22%3A%22seasoning09%22%7D&trigger_type=taxonomy_seasoning09&filter_sub_category=seasoning"
  },
  {
    "category":"sauce",
    "product_name":"Aara Jaggery (Cane Sugar) Powder 400 g",
    "price":3.29,
    "unit_price":"$0.23\/oz",
    "sales_count":null,
    "image_url":"https:\/\/img08.weeecdn.net\/product\/image\/242\/623\/1E45ACAFFE1AAC.png!c560x560_q80.auto",
    "source_url":"https:\/\/www.sayweee.com\/en\/category\/seasoning09\/Sugar?page=1&offset=0&filters=%7B%22catalogue_num%22%3A%22seasoning09%22%7D&trigger_type=taxonomy_seasoning09&filter_sub_category=seasoning"
  },
  {
    "category":"sauce",
    "product_name":"Batey Natural Turbinado Brown Sugar 2 lb",
    "price":4.29,
    "unit_price":"$0.13\/oz",
    "sales_count":null,
    "image_url":"https:\/\/img08.weeecdn.net\/product\/image\/967\/551\/17B63C55305983A5.png!c560x560_q80.auto",
    "source_url":"https:\/\/www.sayweee.com\/en\/category\/seasoning09\/Sugar?page=1&offset=0&filters=%7B%22catalogue_num%22%3A%22seasoning09%22%7D&trigger_type=taxonomy_seasoning09&filter_sub_category=seasoning"
  },
  {
    "category":"sauce",
    "product_name":"Genere Brown Sugar 2 lb",
    "price":4.49,
    "unit_price":"$0.14\/oz",
    "sales_count":null,
    "image_url":"https:\/\/img08.weeecdn.net\/product\/image\/777\/242\/2BFE0E47DF0824CA.png!c560x560_q80.auto",
    "source_url":"https:\/\/www.sayweee.com\/en\/category\/seasoning09\/Sugar?page=1&offset=0&filters=%7B%22catalogue_num%22%3A%22seasoning09%22%7D&trigger_type=taxonomy_seasoning09&filter_sub_category=seasoning"
  },
  {
    "category":"sauce",
    "product_name":"Eastland Palm Sugar 1 lb",
    "price":7.49,
    "unit_price":"nan",
    "sales_count":null,
    "image_url":"https:\/\/img08.weeecdn.net\/item\/image\/307\/887\/6E6F3626066CCFBB.jpeg!c560x560_q80.auto",
    "source_url":"https:\/\/www.sayweee.com\/en\/category\/seasoning09\/Sugar?page=1&offset=0&filters=%7B%22catalogue_num%22%3A%22seasoning09%22%7D&trigger_type=taxonomy_seasoning09&filter_sub_category=seasoning"
  },
  {
    "category":"sauce",
    "product_name":"JHC Pure Palm Sugar 16Oz \/ 454g 16 oz",
    "price":6.99,
    "unit_price":"$0.43\/oz",
    "sales_count":null,
    "image_url":"https:\/\/img08.weeecdn.net\/item\/image\/781\/427\/4E04F75DB50A79EF.jpeg!c560x560_q80.auto",
    "source_url":"https:\/\/www.sayweee.com\/en\/category\/seasoning09\/Sugar?page=1&offset=0&filters=%7B%22catalogue_num%22%3A%22seasoning09%22%7D&trigger_type=taxonomy_seasoning09&filter_sub_category=seasoning"
  },
  {
    "category":"sauce",
    "product_name":"Don Victor Pure Honey with Comb 16 oz",
    "price":10.49,
    "unit_price":"$0.65\/oz",
    "sales_count":null,
    "image_url":"https:\/\/img08.weeecdn.net\/item\/image\/613\/088\/3F85D698D0C232C2.jpg!c560x560_q80.auto",
    "source_url":"https:\/\/www.sayweee.com\/en\/category\/seasoning09\/Sugar?page=1&offset=0&filters=%7B%22catalogue_num%22%3A%22seasoning09%22%7D&trigger_type=taxonomy_seasoning09&filter_sub_category=seasoning"
  },
  {
    "category":"sauce",
    "product_name":"McCabe Organic Golden Light Sugar, 2 lbs, USDA Certified Organic 2 lb",
    "price":18.99,
    "unit_price":"$9.49\/lb",
    "sales_count":null,
    "image_url":"https:\/\/img08.weeecdn.net\/item\/image\/967\/644\/41817214FEEE1556.jpeg!c560x560_q80.auto",
    "source_url":"https:\/\/www.sayweee.com\/en\/category\/seasoning09\/Sugar?page=1&offset=0&filters=%7B%22catalogue_num%22%3A%22seasoning09%22%7D&trigger_type=taxonomy_seasoning09&filter_sub_category=seasoning"
  },
  {
    "category":"sauce",
    "product_name":"SUGAR DIAMOND Ginger & Dark Brown Sugar 160 g",
    "price":19.99,
    "unit_price":"$0.12\/g",
    "sales_count":null,
    "image_url":"https:\/\/img08.weeecdn.net\/item\/image\/164\/458\/655E1DCAE751EB58.jpeg!c560x560_q80.auto",
    "source_url":"https:\/\/www.sayweee.com\/en\/category\/seasoning09\/Sugar?page=1&offset=0&filters=%7B%22catalogue_num%22%3A%22seasoning09%22%7D&trigger_type=taxonomy_seasoning09&filter_sub_category=seasoning"
  },
  {
    "category":"sauce",
    "product_name":"SUGAR DIAMOND Red Dates Logan & Ginger Brown Sugar 160 g",
    "price":19.99,
    "unit_price":"$0.12\/g",
    "sales_count":null,
    "image_url":"https:\/\/img08.weeecdn.net\/item\/image\/446\/408\/53C14517A8B2D389.jpeg!c560x560_q80.auto",
    "source_url":"https:\/\/www.sayweee.com\/en\/category\/seasoning09\/Sugar?page=1&offset=0&filters=%7B%22catalogue_num%22%3A%22seasoning09%22%7D&trigger_type=taxonomy_seasoning09&filter_sub_category=seasoning"
  },
  {
    "category":"sauce",
    "product_name":"Brown Sugar Powder 500 g",
    "price":4.5,
    "unit_price":"nan",
    "sales_count":null,
    "image_url":"https:\/\/img08.weeecdn.net\/item\/image\/585\/995\/63910BE9EC6C2867.png!c560x560_q80.auto",
    "source_url":"https:\/\/www.sayweee.com\/en\/category\/seasoning09\/Sugar?page=1&offset=0&filters=%7B%22catalogue_num%22%3A%22seasoning09%22%7D&trigger_type=taxonomy_seasoning09&filter_sub_category=seasoning"
  },
  {
    "category":"sauce",
    "product_name":"Rock Sugar 900 g",
    "price":6.0,
    "unit_price":"nan",
    "sales_count":null,
    "image_url":"https:\/\/img08.weeecdn.net\/item\/image\/947\/043\/FEF4A1311F3195D.png!c560x560_q80.auto",
    "source_url":"https:\/\/www.sayweee.com\/en\/category\/seasoning09\/Sugar?page=1&offset=0&filters=%7B%22catalogue_num%22%3A%22seasoning09%22%7D&trigger_type=taxonomy_seasoning09&filter_sub_category=seasoning"
  },
  {
    "category":"sauce",
    "product_name":"Crystal Rock Sugar 600 g",
    "price":5.5,
    "unit_price":"nan",
    "sales_count":null,
    "image_url":"https:\/\/img08.weeecdn.net\/item\/image\/224\/344\/453B18875F3EDA3D.png!c560x560_q80.auto",
    "source_url":"https:\/\/www.sayweee.com\/en\/category\/seasoning09\/Sugar?page=1&offset=0&filters=%7B%22catalogue_num%22%3A%22seasoning09%22%7D&trigger_type=taxonomy_seasoning09&filter_sub_category=seasoning"
  },
  {
    "category":"sauce",
    "product_name":"Premium Crystal Rock Sugar 1 box 1 each",
    "price":12.99,
    "unit_price":"nan",
    "sales_count":null,
    "image_url":"https:\/\/img08.weeecdn.net\/item\/image\/316\/396\/47025FEB7E442D3F.jpeg!c560x560_q80.auto",
    "source_url":"https:\/\/www.sayweee.com\/en\/category\/seasoning09\/Sugar?page=1&offset=0&filters=%7B%22catalogue_num%22%3A%22seasoning09%22%7D&trigger_type=taxonomy_seasoning09&filter_sub_category=seasoning"
  },
  {
    "category":"sauce",
    "product_name":"Rock sugar bulk sugar 454g*1 bag 454 g",
    "price":26.59,
    "unit_price":"$0.05\/g",
    "sales_count":null,
    "image_url":"https:\/\/img08.weeecdn.net\/item\/image\/648\/329\/26F20096A533BD55.jpeg!c560x560_q80.auto",
    "source_url":"https:\/\/www.sayweee.com\/en\/category\/seasoning09\/Sugar?page=1&offset=0&filters=%7B%22catalogue_num%22%3A%22seasoning09%22%7D&trigger_type=taxonomy_seasoning09&filter_sub_category=seasoning"
  },
  {
    "category":"sauce",
    "product_name":"(3-Pack) Eastland Palm Sugar 3 count",
    "price":20.39,
    "unit_price":"$6.79\/count",
    "sales_count":null,
    "image_url":"https:\/\/img08.weeecdn.net\/item\/image\/388\/306\/6BBA4F81F621FC1B.jpeg!c560x560_q80.auto",
    "source_url":"https:\/\/www.sayweee.com\/en\/category\/seasoning09\/Sugar?page=1&offset=0&filters=%7B%22catalogue_num%22%3A%22seasoning09%22%7D&trigger_type=taxonomy_seasoning09&filter_sub_category=seasoning"
  },
  {
    "category":"sauce",
    "product_name":"NESTLADY Honey Rock Sugar 100% Nature good with Bird's Nest 100g 1 count",
    "price":9.67,
    "unit_price":"nan",
    "sales_count":null,
    "image_url":"https:\/\/img08.weeecdn.net\/item\/image\/262\/723\/15D6602974C04B0E.jpeg!c560x560_q80.auto",
    "source_url":"https:\/\/www.sayweee.com\/en\/category\/seasoning09\/Sugar?page=1&offset=0&filters=%7B%22catalogue_num%22%3A%22seasoning09%22%7D&trigger_type=taxonomy_seasoning09&filter_sub_category=seasoning"
  },
  {
    "category":"sauce",
    "product_name":"NESTLADY Honey Rock Sugar 100% Nature good with Bird's Nest 300G 1 count",
    "price":15.83,
    "unit_price":"nan",
    "sales_count":null,
    "image_url":"https:\/\/img08.weeecdn.net\/item\/image\/126\/935\/60A027181A937F9A.jpeg!c560x560_q80.auto",
    "source_url":"https:\/\/www.sayweee.com\/en\/category\/seasoning09\/Sugar?page=1&offset=0&filters=%7B%22catalogue_num%22%3A%22seasoning09%22%7D&trigger_type=taxonomy_seasoning09&filter_sub_category=seasoning"
  },
  {
    "category":"sauce",
    "product_name":"NESTLADY Yellow Rock Sugar 1LB 100% Natural 1 count",
    "price":17.51,
    "unit_price":"nan",
    "sales_count":null,
    "image_url":"https:\/\/img08.weeecdn.net\/item\/image\/766\/257\/30E38EBCB2D2A1A8.jpeg!c560x560_q80.auto",
    "source_url":"https:\/\/www.sayweee.com\/en\/category\/seasoning09\/Sugar?page=1&offset=0&filters=%7B%22catalogue_num%22%3A%22seasoning09%22%7D&trigger_type=taxonomy_seasoning09&filter_sub_category=seasoning"
  },
  {
    "category":"sauce",
    "product_name":"NESTLADY Yellow Rock Sugar 180g - 100% Natural 1 count",
    "price":11.43,
    "unit_price":"nan",
    "sales_count":null,
    "image_url":"https:\/\/img08.weeecdn.net\/item\/image\/412\/804\/53E76600A67CB5E4.jpeg!c560x560_q80.auto",
    "source_url":"https:\/\/www.sayweee.com\/en\/category\/seasoning09\/Sugar?page=1&offset=0&filters=%7B%22catalogue_num%22%3A%22seasoning09%22%7D&trigger_type=taxonomy_seasoning09&filter_sub_category=seasoning"
  },
  {
    "category":"sauce",
    "product_name":"AWAKENED TASTE Tangerine Sugar 40 g",
    "price":13.99,
    "unit_price":"$0.34\/g",
    "sales_count":null,
    "image_url":"https:\/\/img08.weeecdn.net\/item\/image\/240\/553\/39115B9E302FD60F.jpeg!c560x560_q80.auto",
    "source_url":"https:\/\/www.sayweee.com\/en\/category\/seasoning09\/Sugar?page=1&offset=0&filters=%7B%22catalogue_num%22%3A%22seasoning09%22%7D&trigger_type=taxonomy_seasoning09&filter_sub_category=seasoning"
  },
  {
    "category":"sauce",
    "product_name":"Organic Thnot Sugar 8.5 oz",
    "price":9.99,
    "unit_price":"$1.17\/oz",
    "sales_count":null,
    "image_url":"https:\/\/img08.weeecdn.net\/item\/image\/519\/757\/3269086288FA18BE.jpeg!c560x560_q80.auto",
    "source_url":"https:\/\/www.sayweee.com\/en\/category\/seasoning09\/Sugar?page=1&offset=0&filters=%7B%22catalogue_num%22%3A%22seasoning09%22%7D&trigger_type=taxonomy_seasoning09&filter_sub_category=seasoning"
  },
  {
    "category":"sauce",
    "product_name":"Coarse Organic Vermont Maple Sugar - Shaker 12 oz - shaker \/ Single 13.02 oz",
    "price":12.99,
    "unit_price":"$0.99\/oz",
    "sales_count":null,
    "image_url":"https:\/\/img08.weeecdn.net\/item\/image\/295\/518\/F2BDBE8A9B72535.png!c560x560_q80.auto",
    "source_url":"https:\/\/www.sayweee.com\/en\/category\/seasoning09\/Sugar?page=1&offset=0&filters=%7B%22catalogue_num%22%3A%22seasoning09%22%7D&trigger_type=taxonomy_seasoning09&filter_sub_category=seasoning"
  },
  {
    "category":"sauce",
    "product_name":"Coarse Organic Vermont Maple Sugar - Shaker 6 oz - shaker \/ Single 6.98 oz",
    "price":8.99,
    "unit_price":"$1.28\/oz",
    "sales_count":null,
    "image_url":"https:\/\/img08.weeecdn.net\/item\/image\/610\/746\/5036C9F2F5C2EC04.png!c560x560_q80.auto",
    "source_url":"https:\/\/www.sayweee.com\/en\/category\/seasoning09\/Sugar?page=1&offset=0&filters=%7B%22catalogue_num%22%3A%22seasoning09%22%7D&trigger_type=taxonomy_seasoning09&filter_sub_category=seasoning"
  },
  {
    "category":"sauce",
    "product_name":"Fine Organic Vermont Maple Sugar - Shaker 12 oz - shaker \/ Single 13.02 oz",
    "price":12.99,
    "unit_price":"$0.99\/oz",
    "sales_count":null,
    "image_url":"https:\/\/img08.weeecdn.net\/item\/image\/184\/787\/77322515236973C1.png!c560x560_q80.auto",
    "source_url":"https:\/\/www.sayweee.com\/en\/category\/seasoning09\/Sugar?page=1&offset=0&filters=%7B%22catalogue_num%22%3A%22seasoning09%22%7D&trigger_type=taxonomy_seasoning09&filter_sub_category=seasoning"
  },
  {
    "category":"sauce",
    "product_name":"Fine Organic Vermont Maple Sugar - Shaker 6 oz - shaker \/ Single 6.98 oz",
    "price":8.99,
    "unit_price":"$1.28\/oz",
    "sales_count":null,
    "image_url":"https:\/\/img08.weeecdn.net\/item\/image\/184\/787\/10C4B2E893B3661.png!c560x560_q80.auto",
    "source_url":"https:\/\/www.sayweee.com\/en\/category\/seasoning09\/Sugar?page=1&offset=0&filters=%7B%22catalogue_num%22%3A%22seasoning09%22%7D&trigger_type=taxonomy_seasoning09&filter_sub_category=seasoning"
  },
  {
    "category":"sauce",
    "product_name":"Coarse Organic Vermont Maple Sugar - Bag 16 oz - bag \/ Single 16.01 oz",
    "price":16.29,
    "unit_price":"$1.01\/oz",
    "sales_count":null,
    "image_url":"https:\/\/img08.weeecdn.net\/item\/image\/287\/470\/444521133EAFC88B.png!c560x560_q80.auto",
    "source_url":"https:\/\/www.sayweee.com\/en\/category\/seasoning09\/Sugar?page=1&offset=0&filters=%7B%22catalogue_num%22%3A%22seasoning09%22%7D&trigger_type=taxonomy_seasoning09&filter_sub_category=seasoning"
  },
  {
    "category":"sauce",
    "product_name":"Fine Organic Vermont Maple Sugar - Bag 16 oz - bag \/ Single 16.01 oz",
    "price":16.29,
    "unit_price":"$1.01\/oz",
    "sales_count":null,
    "image_url":"https:\/\/img08.weeecdn.net\/item\/image\/978\/015\/154079F7773953EC.png!c560x560_q80.auto",
    "source_url":"https:\/\/www.sayweee.com\/en\/category\/seasoning09\/Sugar?page=1&offset=0&filters=%7B%22catalogue_num%22%3A%22seasoning09%22%7D&trigger_type=taxonomy_seasoning09&filter_sub_category=seasoning"
  },
  {
    "category":"sauce",
    "product_name":"Fong Leng Fructose 500 g",
    "price":5.0,
    "unit_price":"nan",
    "sales_count":null,
    "image_url":"https:\/\/img08.weeecdn.net\/item\/image\/017\/098\/6188B9165079BA61.png!c560x560_q80.auto",
    "source_url":"https:\/\/www.sayweee.com\/en\/category\/seasoning09\/Sugar?page=1&offset=0&filters=%7B%22catalogue_num%22%3A%22seasoning09%22%7D&trigger_type=taxonomy_seasoning09&filter_sub_category=seasoning"
  },
  {
    "category":"sauce",
    "product_name":"【COFFEE MATE】CARAMEL 10g*10bag 1box 100 g",
    "price":20.82,
    "unit_price":"$0.20\/g",
    "sales_count":null,
    "image_url":"https:\/\/img08.weeecdn.net\/item\/image\/343\/576\/68DC69875972AE0F.jpeg!c560x560_q80.auto",
    "source_url":"https:\/\/www.sayweee.com\/en\/category\/seasoning09\/Sugar?page=1&offset=0&filters=%7B%22catalogue_num%22%3A%22seasoning09%22%7D&trigger_type=taxonomy_seasoning09&filter_sub_category=seasoning"
  },
  {
    "category":"sauce",
    "product_name":"SUGAR DIAMOND Dark Brown Sugar With Plums & Hawtho 450 ml",
    "price":25.99,
    "unit_price":"$0.05\/ml",
    "sales_count":null,
    "image_url":"https:\/\/img08.weeecdn.net\/item\/image\/953\/877\/5659DB3E5C470F4A.jpeg!c560x560_q80.auto",
    "source_url":"https:\/\/www.sayweee.com\/en\/category\/seasoning09\/Sugar?page=1&offset=0&filters=%7B%22catalogue_num%22%3A%22seasoning09%22%7D&trigger_type=taxonomy_seasoning09&filter_sub_category=seasoning"
  },
  {
    "category":"sauce",
    "product_name":"SUGAR DIAMOND Dark Brown Sugar With Osmanthus & Pomelo Molasses 450 ml",
    "price":25.99,
    "unit_price":"$0.05\/ml",
    "sales_count":null,
    "image_url":"https:\/\/img08.weeecdn.net\/item\/image\/629\/503\/1D09B598E3FE993C.jpeg!c560x560_q80.auto",
    "source_url":"https:\/\/www.sayweee.com\/en\/category\/seasoning09\/Sugar?page=1&offset=0&filters=%7B%22catalogue_num%22%3A%22seasoning09%22%7D&trigger_type=taxonomy_seasoning09&filter_sub_category=seasoning"
  },
  {
    "category":"sauce",
    "product_name":"SUGAR DIAMOND Dark Brown Sugar 160 g",
    "price":19.99,
    "unit_price":"$0.12\/g",
    "sales_count":null,
    "image_url":"https:\/\/img08.weeecdn.net\/item\/image\/945\/479\/5915D860B5EB57F6.jpeg!c560x560_q80.auto",
    "source_url":"https:\/\/www.sayweee.com\/en\/category\/seasoning09\/Sugar?page=1&offset=0&filters=%7B%22catalogue_num%22%3A%22seasoning09%22%7D&trigger_type=taxonomy_seasoning09&filter_sub_category=seasoning"
  },
  {
    "category":"sauce",
    "product_name":"SUGAR DIAMOND Dark Brown Sugar & White Gourd  8pcs 256 g",
    "price":22.99,
    "unit_price":"$0.08\/g",
    "sales_count":null,
    "image_url":"https:\/\/img08.weeecdn.net\/item\/image\/537\/824\/3926E8F7918B2DF1.jpeg!c560x560_q80.auto",
    "source_url":"https:\/\/www.sayweee.com\/en\/category\/seasoning09\/Sugar?page=1&offset=0&filters=%7B%22catalogue_num%22%3A%22seasoning09%22%7D&trigger_type=taxonomy_seasoning09&filter_sub_category=seasoning"
  },
  {
    "category":"sauce",
    "product_name":"SUGAR DIAMOND Dark Brown Sugar & Ginger 8pcs 256 g",
    "price":22.99,
    "unit_price":"$0.08\/g",
    "sales_count":null,
    "image_url":"https:\/\/img08.weeecdn.net\/item\/image\/377\/906\/79AD62468F796CD3.jpeg!c560x560_q80.auto",
    "source_url":"https:\/\/www.sayweee.com\/en\/category\/seasoning09\/Sugar?page=1&offset=0&filters=%7B%22catalogue_num%22%3A%22seasoning09%22%7D&trigger_type=taxonomy_seasoning09&filter_sub_category=seasoning"
  },
  {
    "category":"sauce",
    "product_name":"SUGAR DIAMOND Red Dates Logan & Brown Sugar 8pcs 256 g",
    "price":22.99,
    "unit_price":"$0.08\/g",
    "sales_count":null,
    "image_url":"https:\/\/img08.weeecdn.net\/item\/image\/050\/533\/10644BE5E9A9634D.jpeg!c560x560_q80.auto",
    "source_url":"https:\/\/www.sayweee.com\/en\/category\/seasoning09\/Sugar?page=1&offset=0&filters=%7B%22catalogue_num%22%3A%22seasoning09%22%7D&trigger_type=taxonomy_seasoning09&filter_sub_category=seasoning"
  },
  {
    "category":"sauce",
    "product_name":"Hengshun Zhenjiang Vinegar 18.6 oz",
    "price":3.99,
    "unit_price":"$0.21\/oz",
    "sales_count":null,
    "image_url":"https:\/\/img08.weeecdn.net\/product\/image\/630\/056\/52A405917BB9F377.png!c560x560_q80.auto",
    "source_url":"https:\/\/www.sayweee.com\/en\/category\/seasoning10\/Vinegar?page=1&offset=0&filters=%7B%22catalogue_num%22%3A%22seasoning10%22%7D&trigger_type=taxonomy_seasoning10&filter_sub_category=seasoning"
  },
  {
    "category":"sauce",
    "product_name":"Kong Yen Rice Vinegar 20.2 fl.oz",
    "price":3.79,
    "unit_price":"$0.18\/fl.oz",
    "sales_count":null,
    "image_url":"https:\/\/img08.weeecdn.net\/product\/image\/351\/148\/1C23B5D038B184B6.png!c560x560_q80.auto",
    "source_url":"https:\/\/www.sayweee.com\/en\/category\/seasoning10\/Vinegar?page=1&offset=0&filters=%7B%22catalogue_num%22%3A%22seasoning10%22%7D&trigger_type=taxonomy_seasoning10&filter_sub_category=seasoning"
  },
  {
    "category":"sauce",
    "product_name":"Gold-Plum Chinkiang Vinegar [regular package and with foam box package randomly shipping] 550 ml",
    "price":4.99,
    "unit_price":"$0.26\/fl.oz",
    "sales_count":null,
    "image_url":"https:\/\/img08.weeecdn.net\/product\/image\/723\/161\/28AB838A93F1F8BF.jpeg!c560x560_q80.auto",
    "source_url":"https:\/\/www.sayweee.com\/en\/category\/seasoning10\/Vinegar?page=1&offset=0&filters=%7B%22catalogue_num%22%3A%22seasoning10%22%7D&trigger_type=taxonomy_seasoning10&filter_sub_category=seasoning"
  },
  {
    "category":"sauce",
    "product_name":"Marukan Rice Vinegar Genuine Brewed 24 oz",
    "price":6.49,
    "unit_price":"$0.27\/oz",
    "sales_count":200.0,
    "image_url":"https:\/\/img08.weeecdn.net\/item\/image\/657\/150\/4A02F4D89A529A46.jpg!c560x560_q80.auto",
    "source_url":"https:\/\/www.sayweee.com\/en\/category\/seasoning10\/Vinegar?page=1&offset=0&filters=%7B%22catalogue_num%22%3A%22seasoning10%22%7D&trigger_type=taxonomy_seasoning10&filter_sub_category=seasoning"
  },
  {
    "category":"sauce",
    "product_name":"Heng Shun Zhenjiang Vinegar 18.6 oz",
    "price":3.99,
    "unit_price":"$0.21\/oz",
    "sales_count":null,
    "image_url":"https:\/\/img08.weeecdn.net\/product\/image\/288\/510\/4C0C303F4E50751C.png!c560x560_q80.auto",
    "source_url":"https:\/\/www.sayweee.com\/en\/category\/seasoning10\/Vinegar?page=1&offset=0&filters=%7B%22catalogue_num%22%3A%22seasoning10%22%7D&trigger_type=taxonomy_seasoning10&filter_sub_category=seasoning"
  },
  {
    "category":"sauce",
    "product_name":"Datu Puti Vinegar 33.8 oz",
    "price":3.29,
    "unit_price":"$0.09\/oz",
    "sales_count":200.0,
    "image_url":"https:\/\/img08.weeecdn.net\/product\/image\/322\/942\/30DFED3243643BC0.png!c560x560_q80.auto",
    "source_url":"https:\/\/www.sayweee.com\/en\/category\/seasoning10\/Vinegar?page=1&offset=0&filters=%7B%22catalogue_num%22%3A%22seasoning10%22%7D&trigger_type=taxonomy_seasoning10&filter_sub_category=seasoning"
  },
  {
    "category":"sauce",
    "product_name":"Kikkoman Sushi Vinegar 591 ml",
    "price":4.99,
    "unit_price":"$0.24\/fl.oz",
    "sales_count":100.0,
    "image_url":"https:\/\/img08.weeecdn.net\/item\/image\/996\/934\/7349CBE5499871A3.jpg!c560x560_q80.auto",
    "source_url":"https:\/\/www.sayweee.com\/en\/category\/seasoning10\/Vinegar?page=1&offset=0&filters=%7B%22catalogue_num%22%3A%22seasoning10%22%7D&trigger_type=taxonomy_seasoning10&filter_sub_category=seasoning"
  },
  {
    "category":"sauce",
    "product_name":"Beauideal Vinegar 500 ml",
    "price":2.99,
    "unit_price":"$0.17\/fl.oz",
    "sales_count":300.0,
    "image_url":"https:\/\/img08.weeecdn.net\/item\/image\/386\/679\/6970054F84323BA6.jpg!c560x560_q80.auto",
    "source_url":"https:\/\/www.sayweee.com\/en\/category\/seasoning10\/Vinegar?page=1&offset=0&filters=%7B%22catalogue_num%22%3A%22seasoning10%22%7D&trigger_type=taxonomy_seasoning10&filter_sub_category=seasoning"
  },
  {
    "category":"sauce",
    "product_name":"Lee Kum Kee Seasoned Rice Vinegar 16.9 oz",
    "price":3.29,
    "unit_price":"$0.19\/oz",
    "sales_count":null,
    "image_url":"https:\/\/img08.weeecdn.net\/item\/image\/396\/768\/28BD8EB25F32169D.jpg!c560x560_q80.auto",
    "source_url":"https:\/\/www.sayweee.com\/en\/category\/seasoning10\/Vinegar?page=1&offset=0&filters=%7B%22catalogue_num%22%3A%22seasoning10%22%7D&trigger_type=taxonomy_seasoning10&filter_sub_category=seasoning"
  },
  {
    "category":"sauce",
    "product_name":"Mizkan Pure Rice Vinegar Junmaisu 500 ml",
    "price":7.99,
    "unit_price":"$0.47\/fl.oz",
    "sales_count":100.0,
    "image_url":"https:\/\/img08.weeecdn.net\/product\/image\/396\/376\/7D8EB92A3F2D0164.png!c560x560_q80.auto",
    "source_url":"https:\/\/www.sayweee.com\/en\/category\/seasoning10\/Vinegar?page=1&offset=0&filters=%7B%22catalogue_num%22%3A%22seasoning10%22%7D&trigger_type=taxonomy_seasoning10&filter_sub_category=seasoning"
  },
  {
    "category":"sauce",
    "product_name":"Marukan Seasoned Vinegar (Sushi Vinegar) 710 ml",
    "price":7.79,
    "unit_price":"$0.32\/fl.oz",
    "sales_count":50.0,
    "image_url":"https:\/\/img08.weeecdn.net\/product\/image\/418\/513\/2A7ADCEB0730AEA7.png!c560x560_q80.auto",
    "source_url":"https:\/\/www.sayweee.com\/en\/category\/seasoning10\/Vinegar?page=1&offset=0&filters=%7B%22catalogue_num%22%3A%22seasoning10%22%7D&trigger_type=taxonomy_seasoning10&filter_sub_category=seasoning"
  },
  {
    "category":"sauce",
    "product_name":"Shanxi Superior Mature Vinegar 500 ml",
    "price":3.29,
    "unit_price":"$0.19\/fl.oz",
    "sales_count":300.0,
    "image_url":"https:\/\/img08.weeecdn.net\/product\/image\/609\/058\/1B3139F9EBC504F2.png!c560x560_q80.auto",
    "source_url":"https:\/\/www.sayweee.com\/en\/category\/seasoning10\/Vinegar?page=1&offset=0&filters=%7B%22catalogue_num%22%3A%22seasoning10%22%7D&trigger_type=taxonomy_seasoning10&filter_sub_category=seasoning"
  },
  {
    "category":"sauce",
    "product_name":"Superior Mature Vinegar 500 ml",
    "price":5.79,
    "unit_price":"$0.34\/fl.oz",
    "sales_count":300.0,
    "image_url":"https:\/\/img08.weeecdn.net\/item\/image\/499\/175\/3704C81F96EF88BA.jpg!c560x560_q80.auto",
    "source_url":"https:\/\/www.sayweee.com\/en\/category\/seasoning10\/Vinegar?page=1&offset=0&filters=%7B%22catalogue_num%22%3A%22seasoning10%22%7D&trigger_type=taxonomy_seasoning10&filter_sub_category=seasoning"
  },
  {
    "category":"sauce",
    "product_name":"Datu Puti Pinoykurat Spiced Vinegar 375 ml",
    "price":5.79,
    "unit_price":"$0.45\/fl.oz",
    "sales_count":50.0,
    "image_url":"https:\/\/img08.weeecdn.net\/item\/image\/336\/222\/3BED6DF98E959A86.jpg!c560x560_q80.auto",
    "source_url":"https:\/\/www.sayweee.com\/en\/category\/seasoning10\/Vinegar?page=1&offset=0&filters=%7B%22catalogue_num%22%3A%22seasoning10%22%7D&trigger_type=taxonomy_seasoning10&filter_sub_category=seasoning"
  },
  {
    "category":"sauce",
    "product_name":"Mizkan Sushi Vinegar 24 oz",
    "price":6.49,
    "unit_price":"$0.27\/oz",
    "sales_count":null,
    "image_url":"https:\/\/img08.weeecdn.net\/product\/image\/267\/486\/47BD24153AAC0F7B.png!c560x560_q80.auto",
    "source_url":"https:\/\/www.sayweee.com\/en\/category\/seasoning10\/Vinegar?page=1&offset=0&filters=%7B%22catalogue_num%22%3A%22seasoning10%22%7D&trigger_type=taxonomy_seasoning10&filter_sub_category=seasoning"
  },
  {
    "category":"sauce",
    "product_name":"Datu Puti White Spiced Vinegar 25 oz",
    "price":5.79,
    "unit_price":"$0.23\/oz",
    "sales_count":100.0,
    "image_url":"https:\/\/img08.weeecdn.net\/product\/image\/711\/671\/5F2A6CEF9B46EEF3.png!c560x560_q80.auto",
    "source_url":"https:\/\/www.sayweee.com\/en\/category\/seasoning10\/Vinegar?page=1&offset=0&filters=%7B%22catalogue_num%22%3A%22seasoning10%22%7D&trigger_type=taxonomy_seasoning10&filter_sub_category=seasoning"
  },
  {
    "category":"sauce",
    "product_name":"Black Vinegar 480 ml",
    "price":3.99,
    "unit_price":"$0.24\/fl.oz",
    "sales_count":100.0,
    "image_url":"https:\/\/img08.weeecdn.net\/product\/image\/353\/854\/76317B3CDC2D502B.png!c560x560_q80.auto",
    "source_url":"https:\/\/www.sayweee.com\/en\/category\/seasoning10\/Vinegar?page=1&offset=0&filters=%7B%22catalogue_num%22%3A%22seasoning10%22%7D&trigger_type=taxonomy_seasoning10&filter_sub_category=seasoning"
  },
  {
    "category":"sauce",
    "product_name":"El Pato White Distilled Vinegar 128 oz",
    "price":4.49,
    "unit_price":"$0.03\/oz",
    "sales_count":null,
    "image_url":"https:\/\/img08.weeecdn.net\/item\/image\/396\/364\/8FCEC8D82B945A1.jpg!c560x560_q80.auto",
    "source_url":"https:\/\/www.sayweee.com\/en\/category\/seasoning10\/Vinegar?page=1&offset=0&filters=%7B%22catalogue_num%22%3A%22seasoning10%22%7D&trigger_type=taxonomy_seasoning10&filter_sub_category=seasoning"
  },
  {
    "category":"sauce",
    "product_name":"Datu Puti Premium Cane Vinegar 750 ml",
    "price":3.79,
    "unit_price":"$0.14\/fl.oz",
    "sales_count":null,
    "image_url":"https:\/\/img08.weeecdn.net\/item\/image\/127\/255\/5F5C2B5F7DB68507.jpg!c560x560_q80.auto",
    "source_url":"https:\/\/www.sayweee.com\/en\/category\/seasoning10\/Vinegar?page=1&offset=0&filters=%7B%22catalogue_num%22%3A%22seasoning10%22%7D&trigger_type=taxonomy_seasoning10&filter_sub_category=seasoning"
  },
  {
    "category":"sauce",
    "product_name":"Lee Kum Kee Aged Seasoned Mature Vinegar 16.9 oz",
    "price":3.29,
    "unit_price":"$0.19\/oz",
    "sales_count":null,
    "image_url":"https:\/\/img08.weeecdn.net\/product\/image\/945\/935\/1C76064599374297.png!c560x560_q80.auto",
    "source_url":"https:\/\/www.sayweee.com\/en\/category\/seasoning10\/Vinegar?page=1&offset=0&filters=%7B%22catalogue_num%22%3A%22seasoning10%22%7D&trigger_type=taxonomy_seasoning10&filter_sub_category=seasoning"
  },
  {
    "category":"sauce",
    "product_name":"Marukan Organic Rice Vinegar 12 oz",
    "price":5.49,
    "unit_price":"$0.45\/oz",
    "sales_count":50.0,
    "image_url":"https:\/\/img08.weeecdn.net\/product\/image\/419\/075\/29BA7C9068F13E0E.png!c560x560_q80.auto",
    "source_url":"https:\/\/www.sayweee.com\/en\/category\/seasoning10\/Vinegar?page=1&offset=0&filters=%7B%22catalogue_num%22%3A%22seasoning10%22%7D&trigger_type=taxonomy_seasoning10&filter_sub_category=seasoning"
  },
  {
    "category":"sauce",
    "product_name":"Marukan Organic Seasoned Sushi Vinegar 12 fl.oz",
    "price":5.99,
    "unit_price":"$0.49\/fl.oz",
    "sales_count":null,
    "image_url":"https:\/\/img08.weeecdn.net\/product\/image\/800\/893\/60AB6852C0A35CF5.png!c560x560_q80.auto",
    "source_url":"https:\/\/www.sayweee.com\/en\/category\/seasoning10\/Vinegar?page=1&offset=0&filters=%7B%22catalogue_num%22%3A%22seasoning10%22%7D&trigger_type=taxonomy_seasoning10&filter_sub_category=seasoning"
  },
  {
    "category":"sauce",
    "product_name":"Kikkoman Rice Vinegar 20 fl.oz",
    "price":3.99,
    "unit_price":"$0.19\/fl.oz",
    "sales_count":50.0,
    "image_url":"https:\/\/img08.weeecdn.net\/product\/image\/422\/128\/64E27B96BA6CBC2E.png!c560x560_q80.auto",
    "source_url":"https:\/\/www.sayweee.com\/en\/category\/seasoning10\/Vinegar?page=1&offset=0&filters=%7B%22catalogue_num%22%3A%22seasoning10%22%7D&trigger_type=taxonomy_seasoning10&filter_sub_category=seasoning"
  },
  {
    "category":"sauce",
    "product_name":"Goya Distilled White Vinegar 16 oz",
    "price":1.29,
    "unit_price":"$0.08\/oz",
    "sales_count":50.0,
    "image_url":"https:\/\/img08.weeecdn.net\/product\/image\/592\/209\/6FAEF6F56B96D0D4.jpeg!c560x560_q80.auto",
    "source_url":"https:\/\/www.sayweee.com\/en\/category\/seasoning10\/Vinegar?page=1&offset=0&filters=%7B%22catalogue_num%22%3A%22seasoning10%22%7D&trigger_type=taxonomy_seasoning10&filter_sub_category=seasoning"
  },
  {
    "category":"sauce",
    "product_name":"Zhengjiang 6 Year Aged Vinegar 580 ml",
    "price":14.49,
    "unit_price":"$0.73\/fl.oz",
    "sales_count":50.0,
    "image_url":"https:\/\/img08.weeecdn.net\/item\/image\/314\/457\/F0441B20ACAF221.jpg!c560x560_q80.auto",
    "source_url":"https:\/\/www.sayweee.com\/en\/category\/seasoning10\/Vinegar?page=1&offset=0&filters=%7B%22catalogue_num%22%3A%22seasoning10%22%7D&trigger_type=taxonomy_seasoning10&filter_sub_category=seasoning"
  },
  {
    "category":"sauce",
    "product_name":"Tuka Spiced Vinegar, Hot & Spicy 750 ml",
    "price":8.79,
    "unit_price":"$0.34\/fl.oz",
    "sales_count":null,
    "image_url":"https:\/\/img08.weeecdn.net\/item\/image\/991\/837\/5A997C29B2819D49.jpg!c560x560_q80.auto",
    "source_url":"https:\/\/www.sayweee.com\/en\/category\/seasoning10\/Vinegar?page=1&offset=0&filters=%7B%22catalogue_num%22%3A%22seasoning10%22%7D&trigger_type=taxonomy_seasoning10&filter_sub_category=seasoning"
  },
  {
    "category":"sauce",
    "product_name":"Bragg Organic Apple Cider Vinegar 32 oz",
    "price":10.49,
    "unit_price":"$0.32\/oz",
    "sales_count":100.0,
    "image_url":"https:\/\/img08.weeecdn.net\/item\/image\/638\/928\/6CFDBBF18A611F30.jpg!c560x560_q80.auto",
    "source_url":"https:\/\/www.sayweee.com\/en\/category\/seasoning10\/Vinegar?page=1&offset=0&filters=%7B%22catalogue_num%22%3A%22seasoning10%22%7D&trigger_type=taxonomy_seasoning10&filter_sub_category=seasoning"
  },
  {
    "category":"sauce",
    "product_name":"Lee Kum Kee Selected Seasoned Aromatic Vinegar 16.9 oz",
    "price":3.29,
    "unit_price":"$0.19\/oz",
    "sales_count":50.0,
    "image_url":"https:\/\/img08.weeecdn.net\/item\/image\/236\/768\/89838C4FA2D544A.jpg!c560x560_q80.auto",
    "source_url":"https:\/\/www.sayweee.com\/en\/category\/seasoning10\/Vinegar?page=1&offset=0&filters=%7B%22catalogue_num%22%3A%22seasoning10%22%7D&trigger_type=taxonomy_seasoning10&filter_sub_category=seasoning"
  },
  {
    "category":"sauce",
    "product_name":"AVO Distilled White Vinegar 128 oz",
    "price":4.79,
    "unit_price":"$0.03\/oz",
    "sales_count":200.0,
    "image_url":"https:\/\/img08.weeecdn.net\/product\/image\/931\/214\/6264A4BA4A10EF02.png!c560x560_q80.auto",
    "source_url":"https:\/\/www.sayweee.com\/en\/category\/seasoning10\/Vinegar?page=1&offset=0&filters=%7B%22catalogue_num%22%3A%22seasoning10%22%7D&trigger_type=taxonomy_seasoning10&filter_sub_category=seasoning"
  },
  {
    "category":"sauce",
    "product_name":"Shanxi Superior Mature Vinegar, 3 Years 500 ml",
    "price":4.99,
    "unit_price":"$0.29\/fl.oz",
    "sales_count":50.0,
    "image_url":"https:\/\/img08.weeecdn.net\/description\/image\/509\/003\/48506E677C84EF8A.png!c560x560_q80.auto",
    "source_url":"https:\/\/www.sayweee.com\/en\/category\/seasoning10\/Vinegar?page=1&offset=0&filters=%7B%22catalogue_num%22%3A%22seasoning10%22%7D&trigger_type=taxonomy_seasoning10&filter_sub_category=seasoning"
  },
  {
    "category":"sauce",
    "product_name":"Lee Kum Kee Seasoned Red Vinegar 16.9 oz",
    "price":2.99,
    "unit_price":"$0.17\/oz",
    "sales_count":50.0,
    "image_url":"https:\/\/img08.weeecdn.net\/item\/image\/712\/663\/7A5A6376F1B5336.jpg!c560x560_q80.auto",
    "source_url":"https:\/\/www.sayweee.com\/en\/category\/seasoning10\/Vinegar?page=1&offset=0&filters=%7B%22catalogue_num%22%3A%22seasoning10%22%7D&trigger_type=taxonomy_seasoning10&filter_sub_category=seasoning"
  },
  {
    "category":"sauce",
    "product_name":"Ching's Chili Vinegar 170 ml",
    "price":3.59,
    "unit_price":"$0.62\/fl.oz",
    "sales_count":null,
    "image_url":"https:\/\/img08.weeecdn.net\/product\/image\/946\/803\/4FE5551DD0BC2DB3.png!c560x560_q80.auto",
    "source_url":"https:\/\/www.sayweee.com\/en\/category\/seasoning10\/Vinegar?page=1&offset=0&filters=%7B%22catalogue_num%22%3A%22seasoning10%22%7D&trigger_type=taxonomy_seasoning10&filter_sub_category=seasoning"
  },
  {
    "category":"sauce",
    "product_name":"Mizkan Rice Vinegar 710 ml",
    "price":6.99,
    "unit_price":"$0.29\/fl.oz",
    "sales_count":100.0,
    "image_url":"https:\/\/img08.weeecdn.net\/product\/image\/942\/333\/22DDC57B983DA6C4.png!c560x560_q80.auto",
    "source_url":"https:\/\/www.sayweee.com\/en\/category\/seasoning10\/Vinegar?page=1&offset=0&filters=%7B%22catalogue_num%22%3A%22seasoning10%22%7D&trigger_type=taxonomy_seasoning10&filter_sub_category=seasoning"
  },
  {
    "category":"sauce",
    "product_name":"Baldom Ranchero White Vinegar 16 fl.oz",
    "price":2.09,
    "unit_price":"$0.13\/fl.oz",
    "sales_count":null,
    "image_url":"https:\/\/img08.weeecdn.net\/product\/image\/053\/149\/531F8BB4DCE4389E.png!c560x560_q80.auto",
    "source_url":"https:\/\/www.sayweee.com\/en\/category\/seasoning10\/Vinegar?page=1&offset=0&filters=%7B%22catalogue_num%22%3A%22seasoning10%22%7D&trigger_type=taxonomy_seasoning10&filter_sub_category=seasoning"
  },
  {
    "category":"sauce",
    "product_name":"Zhengjiang Vinegar (3 Year) 580 ml",
    "price":10.49,
    "unit_price":"$0.53\/fl.oz",
    "sales_count":null,
    "image_url":"https:\/\/img08.weeecdn.net\/product\/image\/209\/276\/2BDF0B38A50648F7.jpeg!c560x560_q80.auto",
    "source_url":"https:\/\/www.sayweee.com\/en\/category\/seasoning10\/Vinegar?page=1&offset=0&filters=%7B%22catalogue_num%22%3A%22seasoning10%22%7D&trigger_type=taxonomy_seasoning10&filter_sub_category=seasoning"
  },
  {
    "category":"sauce",
    "product_name":"Zilin Shanxi Mature Vinegar 500 ml",
    "price":3.99,
    "unit_price":"$0.23\/fl.oz",
    "sales_count":null,
    "image_url":"https:\/\/img08.weeecdn.net\/product\/image\/110\/880\/3145D87D50051B3E.jpeg!c560x560_q80.auto",
    "source_url":"https:\/\/www.sayweee.com\/en\/category\/seasoning10\/Vinegar?page=1&offset=0&filters=%7B%22catalogue_num%22%3A%22seasoning10%22%7D&trigger_type=taxonomy_seasoning10&filter_sub_category=seasoning"
  },
  {
    "category":"sauce",
    "product_name":"Zilin Five-Year Shanxi Mature Vinegar 500 ml",
    "price":5.99,
    "unit_price":"$0.35\/fl.oz",
    "sales_count":null,
    "image_url":"https:\/\/img08.weeecdn.net\/product\/image\/897\/928\/6093DEE9367698C.jpeg!c560x560_q80.auto",
    "source_url":"https:\/\/www.sayweee.com\/en\/category\/seasoning10\/Vinegar?page=1&offset=0&filters=%7B%22catalogue_num%22%3A%22seasoning10%22%7D&trigger_type=taxonomy_seasoning10&filter_sub_category=seasoning"
  },
  {
    "category":"sauce",
    "product_name":"Silver Swan Vinegar 33.8 oz",
    "price":3.49,
    "unit_price":"$0.10\/oz",
    "sales_count":null,
    "image_url":"https:\/\/img08.weeecdn.net\/product\/image\/325\/207\/5503F9B29E3FF1BB.jpeg!c560x560_q80.auto",
    "source_url":"https:\/\/www.sayweee.com\/en\/category\/seasoning10\/Vinegar?page=1&offset=0&filters=%7B%22catalogue_num%22%3A%22seasoning10%22%7D&trigger_type=taxonomy_seasoning10&filter_sub_category=seasoning"
  },
  {
    "category":"sauce",
    "product_name":"Goya Red Wine Vinegar 16 oz",
    "price":1.49,
    "unit_price":"$0.09\/oz",
    "sales_count":null,
    "image_url":"https:\/\/img08.weeecdn.net\/product\/image\/220\/204\/2AC9172701EF6413.jpeg!c560x560_q80.auto",
    "source_url":"https:\/\/www.sayweee.com\/en\/category\/seasoning10\/Vinegar?page=1&offset=0&filters=%7B%22catalogue_num%22%3A%22seasoning10%22%7D&trigger_type=taxonomy_seasoning10&filter_sub_category=seasoning"
  },
  {
    "category":"sauce",
    "product_name":"Tuka Spiced Vinegar Regular 750 ml",
    "price":8.79,
    "unit_price":"$0.34\/fl.oz",
    "sales_count":null,
    "image_url":"https:\/\/img08.weeecdn.net\/item\/image\/901\/509\/45EB44ECDE30884F.jpg!c560x560_q80.auto",
    "source_url":"https:\/\/www.sayweee.com\/en\/category\/seasoning10\/Vinegar?page=1&offset=0&filters=%7B%22catalogue_num%22%3A%22seasoning10%22%7D&trigger_type=taxonomy_seasoning10&filter_sub_category=seasoning"
  },
  {
    "category":"sauce",
    "product_name":"Baldom Ranchero Amber Vinegar 16 fl.oz",
    "price":1.79,
    "unit_price":"$0.11\/fl.oz",
    "sales_count":null,
    "image_url":"https:\/\/img08.weeecdn.net\/product\/image\/767\/559\/5A0EC48E203DF1F.png!c560x560_q80.auto",
    "source_url":"https:\/\/www.sayweee.com\/en\/category\/seasoning10\/Vinegar?page=1&offset=0&filters=%7B%22catalogue_num%22%3A%22seasoning10%22%7D&trigger_type=taxonomy_seasoning10&filter_sub_category=seasoning"
  },
  {
    "category":"sauce",
    "product_name":"Uchibori Brewing Mino Special Seasoned Ponzu 360ml 590 g",
    "price":26.49,
    "unit_price":"$0.04\/g",
    "sales_count":null,
    "image_url":"https:\/\/img08.weeecdn.net\/item\/image\/672\/646\/52D754376352EB34.jpeg!c560x560_q80.auto",
    "source_url":"https:\/\/www.sayweee.com\/en\/category\/seasoning10\/Vinegar?page=1&offset=0&filters=%7B%22catalogue_num%22%3A%22seasoning10%22%7D&trigger_type=taxonomy_seasoning10&filter_sub_category=seasoning"
  },
  {
    "category":"sauce",
    "product_name":"Zhenjiang crab vinegar special seasoning for hairy 90 ml",
    "price":6.89,
    "unit_price":"$0.07\/ml",
    "sales_count":null,
    "image_url":"https:\/\/img08.weeecdn.net\/item\/image\/163\/479\/89CDE95D6AF6D7E.jpeg!c560x560_q80.auto",
    "source_url":"https:\/\/www.sayweee.com\/en\/category\/seasoning10\/Vinegar?page=1&offset=0&filters=%7B%22catalogue_num%22%3A%22seasoning10%22%7D&trigger_type=taxonomy_seasoning10&filter_sub_category=seasoning"
  },
  {
    "category":"sauce",
    "product_name":"Meiheju Ginger-Honey Seafood Vinegar 50 ml",
    "price":14.85,
    "unit_price":"$0.29\/ml",
    "sales_count":null,
    "image_url":"https:\/\/img08.weeecdn.net\/item\/image\/073\/518\/6D32D53F362E500A.jpeg!c560x560_q80.auto",
    "source_url":"https:\/\/www.sayweee.com\/en\/category\/seasoning10\/Vinegar?page=1&offset=0&filters=%7B%22catalogue_num%22%3A%22seasoning10%22%7D&trigger_type=taxonomy_seasoning10&filter_sub_category=seasoning"
  },
  {
    "category":"sauce",
    "product_name":"Mitsukan Pure Brown Rice Vinegar [900mL] 1 each",
    "price":32.19,
    "unit_price":"nan",
    "sales_count":null,
    "image_url":"https:\/\/img08.weeecdn.net\/item\/image\/074\/679\/1DA891228F0BCCD7.jpeg!c560x560_q80.auto",
    "source_url":"https:\/\/www.sayweee.com\/en\/category\/seasoning10\/Vinegar?page=1&offset=0&filters=%7B%22catalogue_num%22%3A%22seasoning10%22%7D&trigger_type=taxonomy_seasoning10&filter_sub_category=seasoning"
  },
  {
    "category":"sauce",
    "product_name":"China Live Ginger-Infused Vinegar 250 ml",
    "price":11.95,
    "unit_price":"$0.04\/ml",
    "sales_count":null,
    "image_url":"https:\/\/img08.weeecdn.net\/item\/image\/554\/971\/83C629B254AD1A0.jpeg!c560x560_q80.auto",
    "source_url":"https:\/\/www.sayweee.com\/en\/category\/seasoning10\/Vinegar?page=1&offset=0&filters=%7B%22catalogue_num%22%3A%22seasoning10%22%7D&trigger_type=taxonomy_seasoning10&filter_sub_category=seasoning"
  },
  {
    "category":"sauce",
    "product_name":"Crafted Omija Schisandra Berry Vinegar (250ml) 1 bottle",
    "price":14.55,
    "unit_price":"nan",
    "sales_count":null,
    "image_url":"https:\/\/img08.weeecdn.net\/item\/image\/148\/038\/6C54EA128C1CFE23.jpeg!c560x560_q80.auto",
    "source_url":"https:\/\/www.sayweee.com\/en\/category\/seasoning10\/Vinegar?page=1&offset=0&filters=%7B%22catalogue_num%22%3A%22seasoning10%22%7D&trigger_type=taxonomy_seasoning10&filter_sub_category=seasoning"
  },
  {
    "category":"sauce",
    "product_name":"KPurity Artisan Crafted Yuja Citron Vinegar (250ml) 1 bottle",
    "price":14.55,
    "unit_price":"nan",
    "sales_count":null,
    "image_url":"https:\/\/img08.weeecdn.net\/item\/image\/689\/964\/616E9112D4C98099.jpeg!c560x560_q80.auto",
    "source_url":"https:\/\/www.sayweee.com\/en\/category\/seasoning10\/Vinegar?page=1&offset=0&filters=%7B%22catalogue_num%22%3A%22seasoning10%22%7D&trigger_type=taxonomy_seasoning10&filter_sub_category=seasoning"
  },
  {
    "category":"sauce",
    "product_name":"TAJIMA'S RED VINEGAR (AKAZU) 150 ml",
    "price":16.8,
    "unit_price":"$0.11\/ml",
    "sales_count":null,
    "image_url":"https:\/\/img08.weeecdn.net\/item\/image\/785\/942\/432BDC90E277BED5.jpeg!c560x560_q80.auto",
    "source_url":"https:\/\/www.sayweee.com\/en\/category\/seasoning10\/Vinegar?page=1&offset=0&filters=%7B%22catalogue_num%22%3A%22seasoning10%22%7D&trigger_type=taxonomy_seasoning10&filter_sub_category=seasoning"
  },
  {
    "category":"sauce",
    "product_name":"TOSAZU (SEASONED VINEGAR) 150 ml",
    "price":18.6,
    "unit_price":"$0.12\/ml",
    "sales_count":null,
    "image_url":"https:\/\/img08.weeecdn.net\/item\/image\/505\/226\/1CB53CDC8FE3CDFE.jpeg!c560x560_q80.auto",
    "source_url":"https:\/\/www.sayweee.com\/en\/category\/seasoning10\/Vinegar?page=1&offset=0&filters=%7B%22catalogue_num%22%3A%22seasoning10%22%7D&trigger_type=taxonomy_seasoning10&filter_sub_category=seasoning"
  },
  {
    "category":"sauce",
    "product_name":"GOURMET BLACK VINEGAR (KUROZU) PASTE 180 g",
    "price":22.8,
    "unit_price":"$0.12\/g",
    "sales_count":null,
    "image_url":"https:\/\/img08.weeecdn.net\/item\/image\/015\/409\/108F764FB6A7C4A.jpeg!c560x560_q80.auto",
    "source_url":"https:\/\/www.sayweee.com\/en\/category\/seasoning10\/Vinegar?page=1&offset=0&filters=%7B%22catalogue_num%22%3A%22seasoning10%22%7D&trigger_type=taxonomy_seasoning10&filter_sub_category=seasoning"
  },
  {
    "category":"sauce",
    "product_name":"Pure Rice Vinegar 190 g",
    "price":9.6,
    "unit_price":"$0.05\/g",
    "sales_count":null,
    "image_url":"https:\/\/img08.weeecdn.net\/item\/image\/716\/811\/94D141BF253DF1E.jpeg!c560x560_q80.auto",
    "source_url":"https:\/\/www.sayweee.com\/en\/category\/seasoning10\/Vinegar?page=1&offset=0&filters=%7B%22catalogue_num%22%3A%22seasoning10%22%7D&trigger_type=taxonomy_seasoning10&filter_sub_category=seasoning"
  },
  {
    "category":"sauce",
    "product_name":"Shanxi Specialties , Ninghua Old Vinegar , Grain Brewing , Seasoning 850 ml",
    "price":31.9,
    "unit_price":"$0.03\/ml",
    "sales_count":null,
    "image_url":"https:\/\/img08.weeecdn.net\/item\/image\/588\/442\/7F60DE30176EAC78.jpeg!c560x560_q80.auto",
    "source_url":"https:\/\/www.sayweee.com\/en\/category\/seasoning10\/Vinegar?page=1&offset=0&filters=%7B%22catalogue_num%22%3A%22seasoning10%22%7D&trigger_type=taxonomy_seasoning10&filter_sub_category=seasoning"
  },
  {
    "category":"sauce",
    "product_name":"Shanxi Specialties , Ninghua craft Old Vinegar , Grain Brewing , Seasoning 160 ml",
    "price":16.83,
    "unit_price":"$0.10\/ml",
    "sales_count":null,
    "image_url":"https:\/\/img08.weeecdn.net\/item\/image\/721\/058\/1E6BBCB650BAE1E9.jpeg!c560x560_q80.auto",
    "source_url":"https:\/\/www.sayweee.com\/en\/category\/seasoning10\/Vinegar?page=1&offset=0&filters=%7B%22catalogue_num%22%3A%22seasoning10%22%7D&trigger_type=taxonomy_seasoning10&filter_sub_category=seasoning"
  },
  {
    "category":"sauce",
    "product_name":"Ching's Secret Chili Vinegar, 5.8 oz bottle 5.8 oz",
    "price":3.18,
    "unit_price":"$0.54\/oz",
    "sales_count":null,
    "image_url":"https:\/\/img08.weeecdn.net\/item\/image\/987\/454\/7584040BF08834FC.jpeg!c560x560_q80.auto",
    "source_url":"https:\/\/www.sayweee.com\/en\/category\/seasoning10\/Vinegar?page=1&offset=0&filters=%7B%22catalogue_num%22%3A%22seasoning10%22%7D&trigger_type=taxonomy_seasoning10&filter_sub_category=seasoning"
  },
  {
    "category":"sauce",
    "product_name":"Jeju Tangerine Balsamic 1 each",
    "price":27.15,
    "unit_price":"nan",
    "sales_count":null,
    "image_url":"https:\/\/img08.weeecdn.net\/item\/image\/815\/458\/190FFA1090CC3E53.png!c560x560_q80.auto",
    "source_url":"https:\/\/www.sayweee.com\/en\/category\/seasoning10\/Vinegar?page=1&offset=0&filters=%7B%22catalogue_num%22%3A%22seasoning10%22%7D&trigger_type=taxonomy_seasoning10&filter_sub_category=seasoning"
  },
  {
    "category":"sauce",
    "product_name":"Matsutake Vinaigrette 280 g",
    "price":17.2,
    "unit_price":"$0.06\/g",
    "sales_count":null,
    "image_url":"https:\/\/img08.weeecdn.net\/item\/image\/261\/738\/7398E8391FA6B725.jpeg!c560x560_q80.auto",
    "source_url":"https:\/\/www.sayweee.com\/en\/category\/seasoning10\/Vinegar?page=1&offset=0&filters=%7B%22catalogue_num%22%3A%22seasoning10%22%7D&trigger_type=taxonomy_seasoning10&filter_sub_category=seasoning"
  },
  {
    "category":"sauce",
    "product_name":"Kewpie Salad Balsamic Onion 210ml 1 each",
    "price":4.21,
    "unit_price":"nan",
    "sales_count":null,
    "image_url":"https:\/\/img08.weeecdn.net\/item\/image\/559\/697\/5290343F84B3A9DC.jpeg!c560x560_q80.auto",
    "source_url":"https:\/\/www.sayweee.com\/en\/category\/seasoning10\/Vinegar?page=1&offset=0&filters=%7B%22catalogue_num%22%3A%22seasoning10%22%7D&trigger_type=taxonomy_seasoning10&filter_sub_category=seasoning"
  },
  {
    "category":"sauce",
    "product_name":"FILIPINO \" SUGARCANE VINEGAR\" BETTER THAN REGULAR VINEGAR 1000 ml",
    "price":7.64,
    "unit_price":"nan",
    "sales_count":null,
    "image_url":"https:\/\/img08.weeecdn.net\/item\/image\/679\/440\/71563D9B9996E455.jpeg!c560x560_q80.auto",
    "source_url":"https:\/\/www.sayweee.com\/en\/category\/seasoning10\/Vinegar?page=1&offset=0&filters=%7B%22catalogue_num%22%3A%22seasoning10%22%7D&trigger_type=taxonomy_seasoning10&filter_sub_category=seasoning"
  },
  {
    "category":"sauce",
    "product_name":"Sanbaizu Vinegar Blend 70 ml",
    "price":12.0,
    "unit_price":"$0.17\/ml",
    "sales_count":null,
    "image_url":"https:\/\/img08.weeecdn.net\/item\/image\/442\/507\/272D5153408DE7EF.jpeg!c560x560_q80.auto",
    "source_url":"https:\/\/www.sayweee.com\/en\/category\/seasoning10\/Vinegar?page=1&offset=0&filters=%7B%22catalogue_num%22%3A%22seasoning10%22%7D&trigger_type=taxonomy_seasoning10&filter_sub_category=seasoning"
  },
  {
    "category":"sauce",
    "product_name":"Taekyung Red Pepper Powder 1 lb",
    "price":10.99,
    "unit_price":"$0.68\/oz",
    "sales_count":null,
    "image_url":"https:\/\/img08.weeecdn.net\/product\/image\/880\/295\/716B057D5A11E432.png!c560x560_q80.auto",
    "source_url":"https:\/\/www.sayweee.com\/en\/category\/seasoning06\/Salt-Pepper?page=1&offset=0&filters=%7B%22catalogue_num%22%3A%22seasoning06%22%7D&trigger_type=taxonomy_seasoning06&filter_sub_category=seasoning"
  },
  {
    "category":"sauce",
    "product_name":"Morton Iodized Salt 26 oz",
    "price":2.49,
    "unit_price":"$0.09\/oz",
    "sales_count":null,
    "image_url":"https:\/\/img08.weeecdn.net\/item\/image\/027\/952\/5CF33CD0583C4B2A.jpg!c560x560_q80.auto",
    "source_url":"https:\/\/www.sayweee.com\/en\/category\/seasoning06\/Salt-Pepper?page=1&offset=0&filters=%7B%22catalogue_num%22%3A%22seasoning06%22%7D&trigger_type=taxonomy_seasoning06&filter_sub_category=seasoning"
  },
  {
    "category":"sauce",
    "product_name":"Tata Iodized Salt 2.2 lb",
    "price":2.69,
    "unit_price":"$0.07\/oz",
    "sales_count":200.0,
    "image_url":"https:\/\/img08.weeecdn.net\/description\/image\/110\/331\/578572F00E4C6B20.png!c560x560_q80.auto",
    "source_url":"https:\/\/www.sayweee.com\/en\/category\/seasoning06\/Salt-Pepper?page=1&offset=0&filters=%7B%22catalogue_num%22%3A%22seasoning06%22%7D&trigger_type=taxonomy_seasoning06&filter_sub_category=seasoning"
  },
  {
    "category":"sauce",
    "product_name":"Lee Kum Kee White Peppercorn Grinder 1.8 oz",
    "price":4.29,
    "unit_price":"$2.38\/oz",
    "sales_count":null,
    "image_url":"https:\/\/img08.weeecdn.net\/item\/image\/604\/095\/26A5FA54D76E5CB3.jpg!c560x560_q80.auto",
    "source_url":"https:\/\/www.sayweee.com\/en\/category\/seasoning06\/Salt-Pepper?page=1&offset=0&filters=%7B%22catalogue_num%22%3A%22seasoning06%22%7D&trigger_type=taxonomy_seasoning06&filter_sub_category=seasoning"
  },
  {
    "category":"sauce",
    "product_name":"Assi Sea Salt 2 lb",
    "price":3.29,
    "unit_price":"$0.10\/oz",
    "sales_count":200.0,
    "image_url":"https:\/\/img08.weeecdn.net\/product\/image\/820\/365\/59940CA7DC7324C.png!c560x560_q80.auto",
    "source_url":"https:\/\/www.sayweee.com\/en\/category\/seasoning06\/Salt-Pepper?page=1&offset=0&filters=%7B%22catalogue_num%22%3A%22seasoning06%22%7D&trigger_type=taxonomy_seasoning06&filter_sub_category=seasoning"
  },
  {
    "category":"sauce",
    "product_name":"Lee Kum Kee Black Peppercorn Grinder 1.6 oz",
    "price":3.29,
    "unit_price":"$2.05\/oz",
    "sales_count":null,
    "image_url":"https:\/\/img08.weeecdn.net\/item\/image\/415\/252\/7FCE84BBADB232C7.jpg!c560x560_q80.auto",
    "source_url":"https:\/\/www.sayweee.com\/en\/category\/seasoning06\/Salt-Pepper?page=1&offset=0&filters=%7B%22catalogue_num%22%3A%22seasoning06%22%7D&trigger_type=taxonomy_seasoning06&filter_sub_category=seasoning"
  },
  {
    "category":"sauce",
    "product_name":"Green Sichuan Pepper Powder 60 g",
    "price":3.79,
    "unit_price":"$1.78\/oz",
    "sales_count":100.0,
    "image_url":"https:\/\/img08.weeecdn.net\/item\/image\/936\/251\/226EC3361FB44CD0.jpg!c560x560_q80.auto",
    "source_url":"https:\/\/www.sayweee.com\/en\/category\/seasoning06\/Salt-Pepper?page=1&offset=0&filters=%7B%22catalogue_num%22%3A%22seasoning06%22%7D&trigger_type=taxonomy_seasoning06&filter_sub_category=seasoning"
  },
  {
    "category":"sauce",
    "product_name":"Morton Non-Iodized Salt 26 oz",
    "price":2.49,
    "unit_price":"$0.09\/oz",
    "sales_count":null,
    "image_url":"https:\/\/img08.weeecdn.net\/item\/image\/984\/510\/BD499575B0E8B61.jpg!c560x560_q80.auto",
    "source_url":"https:\/\/www.sayweee.com\/en\/category\/seasoning06\/Salt-Pepper?page=1&offset=0&filters=%7B%22catalogue_num%22%3A%22seasoning06%22%7D&trigger_type=taxonomy_seasoning06&filter_sub_category=seasoning"
  },
  {
    "category":"sauce",
    "product_name":"Aara Whole Black Pepper 200 g",
    "price":4.49,
    "unit_price":"$0.63\/oz",
    "sales_count":100.0,
    "image_url":"https:\/\/img08.weeecdn.net\/product\/image\/817\/928\/78B7D6170DBBEEA1.png!c560x560_q80.auto",
    "source_url":"https:\/\/www.sayweee.com\/en\/category\/seasoning06\/Salt-Pepper?page=1&offset=0&filters=%7B%22catalogue_num%22%3A%22seasoning06%22%7D&trigger_type=taxonomy_seasoning06&filter_sub_category=seasoning"
  },
  {
    "category":"sauce",
    "product_name":"Salted Plum in Sea Salt 4.8 oz",
    "price":3.29,
    "unit_price":"$0.68\/oz",
    "sales_count":50.0,
    "image_url":"https:\/\/img08.weeecdn.net\/product\/image\/501\/852\/7F90FCD9D7E7A23.png!c560x560_q80.auto",
    "source_url":"https:\/\/www.sayweee.com\/en\/category\/seasoning06\/Salt-Pepper?page=1&offset=0&filters=%7B%22catalogue_num%22%3A%22seasoning06%22%7D&trigger_type=taxonomy_seasoning06&filter_sub_category=seasoning"
  },
  {
    "category":"sauce",
    "product_name":"Hein Szechuan Pepper and Salt Powder 48 g",
    "price":3.29,
    "unit_price":"$1.94\/oz",
    "sales_count":100.0,
    "image_url":"https:\/\/img08.weeecdn.net\/product\/image\/359\/242\/1352791797AEF617.png!c560x560_q80.auto",
    "source_url":"https:\/\/www.sayweee.com\/en\/category\/seasoning06\/Salt-Pepper?page=1&offset=0&filters=%7B%22catalogue_num%22%3A%22seasoning06%22%7D&trigger_type=taxonomy_seasoning06&filter_sub_category=seasoning"
  },
  {
    "category":"sauce",
    "product_name":"Aara Black Salt 100 g",
    "price":2.69,
    "unit_price":"$0.76\/oz",
    "sales_count":50.0,
    "image_url":"https:\/\/img08.weeecdn.net\/product\/image\/298\/339\/7A98E8293B903A1A.png!c560x560_q80.auto",
    "source_url":"https:\/\/www.sayweee.com\/en\/category\/seasoning06\/Salt-Pepper?page=1&offset=0&filters=%7B%22catalogue_num%22%3A%22seasoning06%22%7D&trigger_type=taxonomy_seasoning06&filter_sub_category=seasoning"
  },
  {
    "category":"sauce",
    "product_name":"Nhu Y Shrimp Salt 60 g",
    "price":2.29,
    "unit_price":"$1.08\/oz",
    "sales_count":200.0,
    "image_url":"https:\/\/img08.weeecdn.net\/product\/image\/876\/810\/41F3E2FF6D88F7A9.png!c560x560_q80.auto",
    "source_url":"https:\/\/www.sayweee.com\/en\/category\/seasoning06\/Salt-Pepper?page=1&offset=0&filters=%7B%22catalogue_num%22%3A%22seasoning06%22%7D&trigger_type=taxonomy_seasoning06&filter_sub_category=seasoning"
  },
  {
    "category":"sauce",
    "product_name":"Katayama Himalayan Pink Salt Grinder 3.87 oz",
    "price":3.99,
    "unit_price":"$1.03\/oz",
    "sales_count":null,
    "image_url":"https:\/\/img08.weeecdn.net\/item\/image\/352\/935\/55DC435420F2DBBC.jpg!c560x560_q80.auto",
    "source_url":"https:\/\/www.sayweee.com\/en\/category\/seasoning06\/Salt-Pepper?page=1&offset=0&filters=%7B%22catalogue_num%22%3A%22seasoning06%22%7D&trigger_type=taxonomy_seasoning06&filter_sub_category=seasoning"
  },
  {
    "category":"sauce",
    "product_name":"Newtown Lemon Pepper Salt 6.3 oz",
    "price":3.49,
    "unit_price":"$0.55\/oz",
    "sales_count":null,
    "image_url":"https:\/\/img08.weeecdn.net\/product\/image\/363\/207\/61D226FD1E063B3.png!c560x560_q80.auto",
    "source_url":"https:\/\/www.sayweee.com\/en\/category\/seasoning06\/Salt-Pepper?page=1&offset=0&filters=%7B%22catalogue_num%22%3A%22seasoning06%22%7D&trigger_type=taxonomy_seasoning06&filter_sub_category=seasoning"
  },
  {
    "category":"sauce",
    "product_name":"CHILI SALT & SHRIMP Muoi Ot Tom Tay Ninh SET 7 oz*3 counts",
    "price":11.09,
    "unit_price":"$0.52\/oz",
    "sales_count":null,
    "image_url":"https:\/\/img08.weeecdn.net\/item\/image\/520\/046\/50728950E79A9C79.jpeg!c560x560_q80.auto",
    "source_url":"https:\/\/www.sayweee.com\/en\/category\/seasoning06\/Salt-Pepper?page=1&offset=0&filters=%7B%22catalogue_num%22%3A%22seasoning06%22%7D&trigger_type=taxonomy_seasoning06&filter_sub_category=seasoning"
  },
  {
    "category":"sauce",
    "product_name":"Sal Globo Coarse Salt 35 oz",
    "price":1.29,
    "unit_price":"$0.03\/oz",
    "sales_count":100.0,
    "image_url":"https:\/\/img08.weeecdn.net\/product\/image\/574\/531\/7753B868AB1C1207.png!c560x560_q80.auto",
    "source_url":"https:\/\/www.sayweee.com\/en\/category\/seasoning06\/Salt-Pepper?page=1&offset=0&filters=%7B%22catalogue_num%22%3A%22seasoning06%22%7D&trigger_type=taxonomy_seasoning06&filter_sub_category=seasoning"
  },
  {
    "category":"sauce",
    "product_name":"Tomax Oolong Black Pepper Powder 32 g",
    "price":1.99,
    "unit_price":"$1.76\/oz",
    "sales_count":null,
    "image_url":"https:\/\/img08.weeecdn.net\/product\/image\/745\/663\/68FC3D2020E12B09.png!c560x560_q80.auto",
    "source_url":"https:\/\/www.sayweee.com\/en\/category\/seasoning06\/Salt-Pepper?page=1&offset=0&filters=%7B%22catalogue_num%22%3A%22seasoning06%22%7D&trigger_type=taxonomy_seasoning06&filter_sub_category=seasoning"
  },
  {
    "category":"sauce",
    "product_name":"Aara Black Pepper Powder 200 g",
    "price":5.79,
    "unit_price":"$0.82\/oz",
    "sales_count":50.0,
    "image_url":"https:\/\/img08.weeecdn.net\/product\/image\/463\/472\/5232B385B5791913.png!c560x560_q80.auto",
    "source_url":"https:\/\/www.sayweee.com\/en\/category\/seasoning06\/Salt-Pepper?page=1&offset=0&filters=%7B%22catalogue_num%22%3A%22seasoning06%22%7D&trigger_type=taxonomy_seasoning06&filter_sub_category=seasoning"
  },
  {
    "category":"sauce",
    "product_name":"Chung Jung One Miwon Seasoning Salt 250 g",
    "price":2.29,
    "unit_price":"$0.25\/oz",
    "sales_count":100.0,
    "image_url":"https:\/\/img08.weeecdn.net\/product\/image\/969\/495\/4D9E21742B595D97.png!c560x560_q80.auto",
    "source_url":"https:\/\/www.sayweee.com\/en\/category\/seasoning06\/Salt-Pepper?page=1&offset=0&filters=%7B%22catalogue_num%22%3A%22seasoning06%22%7D&trigger_type=taxonomy_seasoning06&filter_sub_category=seasoning"
  },
  {
    "category":"sauce",
    "product_name":"McCormick Coarse Ground Black Pepper 1.5 oz",
    "price":5.49,
    "unit_price":"$3.66\/oz",
    "sales_count":null,
    "image_url":"https:\/\/img08.weeecdn.net\/product\/image\/348\/174\/1DD294369B92E0CD.png!c560x560_q80.auto",
    "source_url":"https:\/\/www.sayweee.com\/en\/category\/seasoning06\/Salt-Pepper?page=1&offset=0&filters=%7B%22catalogue_num%22%3A%22seasoning06%22%7D&trigger_type=taxonomy_seasoning06&filter_sub_category=seasoning"
  },
  {
    "category":"sauce",
    "product_name":"S&B Seasoned Salt and Pepper, Ajitsuke Shio Kosho 3.8 oz",
    "price":4.49,
    "unit_price":"$1.18\/oz",
    "sales_count":50.0,
    "image_url":"https:\/\/img08.weeecdn.net\/item\/image\/700\/257\/21D9E36A0452E9AB.png!c560x560_q80.auto",
    "source_url":"https:\/\/www.sayweee.com\/en\/category\/seasoning06\/Salt-Pepper?page=1&offset=0&filters=%7B%22catalogue_num%22%3A%22seasoning06%22%7D&trigger_type=taxonomy_seasoning06&filter_sub_category=seasoning"
  },
  {
    "category":"sauce",
    "product_name":"Mtt Brand Chili Salt With Shrimp Flavor 14 oz",
    "price":3.79,
    "unit_price":"$0.27\/oz",
    "sales_count":null,
    "image_url":"https:\/\/img08.weeecdn.net\/product\/image\/879\/599\/11AECBA7EB217AE4.png!c560x560_q80.auto",
    "source_url":"https:\/\/www.sayweee.com\/en\/category\/seasoning06\/Salt-Pepper?page=1&offset=0&filters=%7B%22catalogue_num%22%3A%22seasoning06%22%7D&trigger_type=taxonomy_seasoning06&filter_sub_category=seasoning"
  },
  {
    "category":"sauce",
    "product_name":"Otoki Black Pepper Powder 100 g",
    "price":7.99,
    "unit_price":"$2.26\/oz",
    "sales_count":null,
    "image_url":"https:\/\/img08.weeecdn.net\/item\/image\/302\/726\/452F337FFB1D578A.jpg!c560x560_q80.auto",
    "source_url":"https:\/\/www.sayweee.com\/en\/category\/seasoning06\/Salt-Pepper?page=1&offset=0&filters=%7B%22catalogue_num%22%3A%22seasoning06%22%7D&trigger_type=taxonomy_seasoning06&filter_sub_category=seasoning"
  },
  {
    "category":"sauce",
    "product_name":"Amorcito Corazon Sea Salt 24.64 oz",
    "price":2.49,
    "unit_price":"$0.10\/oz",
    "sales_count":null,
    "image_url":"https:\/\/img08.weeecdn.net\/product\/image\/009\/333\/4464F51D1EA2A192.png!c560x560_q80.auto",
    "source_url":"https:\/\/www.sayweee.com\/en\/category\/seasoning06\/Salt-Pepper?page=1&offset=0&filters=%7B%22catalogue_num%22%3A%22seasoning06%22%7D&trigger_type=taxonomy_seasoning06&filter_sub_category=seasoning"
  },
  {
    "category":"sauce",
    "product_name":"Sal Bahia Iodized Fine Sea Salt 35.27 oz",
    "price":1.19,
    "unit_price":"$0.03\/oz",
    "sales_count":50.0,
    "image_url":"https:\/\/img08.weeecdn.net\/product\/image\/849\/009\/77A47C6084638239.png!c560x560_q80.auto",
    "source_url":"https:\/\/www.sayweee.com\/en\/category\/seasoning06\/Salt-Pepper?page=1&offset=0&filters=%7B%22catalogue_num%22%3A%22seasoning06%22%7D&trigger_type=taxonomy_seasoning06&filter_sub_category=seasoning"
  },
  {
    "category":"sauce",
    "product_name":"Chungjungone Coarse Sea Salt 2.2 lb",
    "price":9.99,
    "unit_price":"$0.28\/oz",
    "sales_count":50.0,
    "image_url":"https:\/\/img08.weeecdn.net\/product\/image\/464\/105\/67C1E03F563A506A.png!c560x560_q80.auto",
    "source_url":"https:\/\/www.sayweee.com\/en\/category\/seasoning06\/Salt-Pepper?page=1&offset=0&filters=%7B%22catalogue_num%22%3A%22seasoning06%22%7D&trigger_type=taxonomy_seasoning06&filter_sub_category=seasoning"
  },
  {
    "category":"sauce",
    "product_name":"Shan Virgin Pink Himalayan Salt 14.1 oz",
    "price":4.39,
    "unit_price":"$0.31\/oz",
    "sales_count":null,
    "image_url":"https:\/\/img08.weeecdn.net\/item\/image\/725\/831\/2426C81533C307CD.png!c560x560_q80.auto",
    "source_url":"https:\/\/www.sayweee.com\/en\/category\/seasoning06\/Salt-Pepper?page=1&offset=0&filters=%7B%22catalogue_num%22%3A%22seasoning06%22%7D&trigger_type=taxonomy_seasoning06&filter_sub_category=seasoning"
  },
  {
    "category":"sauce",
    "product_name":"Chung Jung One Fine Sea Salt 500 g",
    "price":7.79,
    "unit_price":"$0.44\/oz",
    "sales_count":null,
    "image_url":"https:\/\/img08.weeecdn.net\/product\/image\/256\/727\/11635EABEE0769B5.png!c560x560_q80.auto",
    "source_url":"https:\/\/www.sayweee.com\/en\/category\/seasoning06\/Salt-Pepper?page=1&offset=0&filters=%7B%22catalogue_num%22%3A%22seasoning06%22%7D&trigger_type=taxonomy_seasoning06&filter_sub_category=seasoning"
  },
  {
    "category":"sauce",
    "product_name":"Sal Bahia Iodized Fine Sea Salt 26 oz",
    "price":1.29,
    "unit_price":"$0.04\/oz",
    "sales_count":null,
    "image_url":"https:\/\/img08.weeecdn.net\/item\/image\/740\/922\/7E3E750E082095A1.jpg!c560x560_q80.auto",
    "source_url":"https:\/\/www.sayweee.com\/en\/category\/seasoning06\/Salt-Pepper?page=1&offset=0&filters=%7B%22catalogue_num%22%3A%22seasoning06%22%7D&trigger_type=taxonomy_seasoning06&filter_sub_category=seasoning"
  },
  {
    "category":"sauce",
    "product_name":"Bear Coming Salt Baked Powder 30 g",
    "price":0.99,
    "unit_price":"$0.93\/oz",
    "sales_count":200.0,
    "image_url":"https:\/\/img08.weeecdn.net\/product\/image\/829\/748\/7F94A677356A4693.png!c560x560_q80.auto",
    "source_url":"https:\/\/www.sayweee.com\/en\/category\/seasoning06\/Salt-Pepper?page=1&offset=0&filters=%7B%22catalogue_num%22%3A%22seasoning06%22%7D&trigger_type=taxonomy_seasoning06&filter_sub_category=seasoning"
  },
  {
    "category":"sauce",
    "product_name":"Imported Sea Salt 2.2 lb",
    "price":7.79,
    "unit_price":"$0.22\/oz",
    "sales_count":null,
    "image_url":"https:\/\/img08.weeecdn.net\/product\/image\/451\/388\/1E8D69A69D936826.png!c560x560_q80.auto",
    "source_url":"https:\/\/www.sayweee.com\/en\/category\/seasoning06\/Salt-Pepper?page=1&offset=0&filters=%7B%22catalogue_num%22%3A%22seasoning06%22%7D&trigger_type=taxonomy_seasoning06&filter_sub_category=seasoning"
  },
  {
    "category":"sauce",
    "product_name":"La Fina Sal Iodized Salt 26 oz",
    "price":1.99,
    "unit_price":"$0.07\/oz",
    "sales_count":null,
    "image_url":"https:\/\/img08.weeecdn.net\/product\/image\/868\/784\/707ED32C4068DE26.jpeg!c560x560_q80.auto",
    "source_url":"https:\/\/www.sayweee.com\/en\/category\/seasoning06\/Salt-Pepper?page=1&offset=0&filters=%7B%22catalogue_num%22%3A%22seasoning06%22%7D&trigger_type=taxonomy_seasoning06&filter_sub_category=seasoning"
  },
  {
    "category":"sauce",
    "product_name":"Best Taste Tay Ninh Shrimp Salt 300g 1 each",
    "price":3.9,
    "unit_price":"nan",
    "sales_count":null,
    "image_url":"https:\/\/img08.weeecdn.net\/item\/image\/651\/808\/5C46A257852201B9.png.jpeg!c560x560_q80.auto",
    "source_url":"https:\/\/www.sayweee.com\/en\/category\/seasoning06\/Salt-Pepper?page=1&offset=0&filters=%7B%22catalogue_num%22%3A%22seasoning06%22%7D&trigger_type=taxonomy_seasoning06&filter_sub_category=seasoning"
  },
  {
    "category":"sauce",
    "product_name":"Best Taste Chilli Salt Tay Ninh 300g 1 each",
    "price":3.9,
    "unit_price":"nan",
    "sales_count":null,
    "image_url":"https:\/\/img08.weeecdn.net\/item\/image\/867\/598\/390E13AA49ADF2E3.png.jpeg!c560x560_q80.auto",
    "source_url":"https:\/\/www.sayweee.com\/en\/category\/seasoning06\/Salt-Pepper?page=1&offset=0&filters=%7B%22catalogue_num%22%3A%22seasoning06%22%7D&trigger_type=taxonomy_seasoning06&filter_sub_category=seasoning"
  },
  {
    "category":"sauce",
    "product_name":"Amorcito Corazon Grilling Sea Salt 21.16 oz",
    "price":3.29,
    "unit_price":"$0.15\/oz",
    "sales_count":null,
    "image_url":"https:\/\/img08.weeecdn.net\/product\/image\/530\/162\/360CB605A69099A3.jpeg!c560x560_q80.auto",
    "source_url":"https:\/\/www.sayweee.com\/en\/category\/seasoning06\/Salt-Pepper?page=1&offset=0&filters=%7B%22catalogue_num%22%3A%22seasoning06%22%7D&trigger_type=taxonomy_seasoning06&filter_sub_category=seasoning"
  },
  {
    "category":"sauce",
    "product_name":"White pepper powder *1 bottle 35 g",
    "price":3.65,
    "unit_price":"$0.10\/g",
    "sales_count":null,
    "image_url":"https:\/\/img08.weeecdn.net\/item\/image\/408\/821\/5BBD213ED8F40983.webp!c560x560_q80.auto",
    "source_url":"https:\/\/www.sayweee.com\/en\/category\/seasoning06\/Salt-Pepper?page=1&offset=0&filters=%7B%22catalogue_num%22%3A%22seasoning06%22%7D&trigger_type=taxonomy_seasoning06&filter_sub_category=seasoning"
  },
  {
    "category":"sauce",
    "product_name":"Hagi no Shokuhin Sweet Shrimp Stock Salt 160g 1 each",
    "price":25.99,
    "unit_price":"nan",
    "sales_count":null,
    "image_url":"https:\/\/img08.weeecdn.net\/item\/image\/449\/022\/4961515AF3CFE183.jpeg!c560x560_q80.auto",
    "source_url":"https:\/\/www.sayweee.com\/en\/category\/seasoning06\/Salt-Pepper?page=1&offset=0&filters=%7B%22catalogue_num%22%3A%22seasoning06%22%7D&trigger_type=taxonomy_seasoning06&filter_sub_category=seasoning"
  },
  {
    "category":"sauce",
    "product_name":"Deep Sendhav Salt - Rock Salt - Fasting Salt, 3.5 oz bag 3.5 oz",
    "price":3.29,
    "unit_price":"$0.94\/oz",
    "sales_count":null,
    "image_url":"https:\/\/img08.weeecdn.net\/item\/image\/570\/781\/38AEEA7DBAD6A14E.jpeg!c560x560_q80.auto",
    "source_url":"https:\/\/www.sayweee.com\/en\/category\/seasoning06\/Salt-Pepper?page=1&offset=0&filters=%7B%22catalogue_num%22%3A%22seasoning06%22%7D&trigger_type=taxonomy_seasoning06&filter_sub_category=seasoning"
  },
  {
    "category":"sauce",
    "product_name":"Salt-baked seasoning*1 bag 880 g",
    "price":41.65,
    "unit_price":"$0.04\/g",
    "sales_count":null,
    "image_url":"https:\/\/img08.weeecdn.net\/item\/image\/852\/740\/1A1FF764CECBABC6.webp!c560x560_q80.auto",
    "source_url":"https:\/\/www.sayweee.com\/en\/category\/seasoning06\/Salt-Pepper?page=1&offset=0&filters=%7B%22catalogue_num%22%3A%22seasoning06%22%7D&trigger_type=taxonomy_seasoning06&filter_sub_category=seasoning"
  },
  {
    "category":"sauce",
    "product_name":"Hagi no Shokuhin Kombu Stock Salt 160g 1 each",
    "price":25.99,
    "unit_price":"nan",
    "sales_count":null,
    "image_url":"https:\/\/img08.weeecdn.net\/item\/image\/250\/033\/679D359EAC3083BE.jpeg!c560x560_q80.auto",
    "source_url":"https:\/\/www.sayweee.com\/en\/category\/seasoning06\/Salt-Pepper?page=1&offset=0&filters=%7B%22catalogue_num%22%3A%22seasoning06%22%7D&trigger_type=taxonomy_seasoning06&filter_sub_category=seasoning"
  },
  {
    "category":"sauce",
    "product_name":"ROASTED CHILLI SALT & SHRIMP Muoi Ot Tom Tay Ninh 7 oz",
    "price":4.49,
    "unit_price":"$0.64\/oz",
    "sales_count":null,
    "image_url":"https:\/\/img08.weeecdn.net\/item\/image\/964\/916\/3BFE584F55AC83B1.jpeg!c560x560_q80.auto",
    "source_url":"https:\/\/www.sayweee.com\/en\/category\/seasoning06\/Salt-Pepper?page=1&offset=0&filters=%7B%22catalogue_num%22%3A%22seasoning06%22%7D&trigger_type=taxonomy_seasoning06&filter_sub_category=seasoning"
  },
  {
    "category":"sauce",
    "product_name":"S&B Foods Magic Salt Yuzu 20g 1 each",
    "price":10.49,
    "unit_price":"nan",
    "sales_count":null,
    "image_url":"https:\/\/img08.weeecdn.net\/item\/image\/095\/185\/23AE575573AE8006.jpeg!c560x560_q80.auto",
    "source_url":"https:\/\/www.sayweee.com\/en\/category\/seasoning06\/Salt-Pepper?page=1&offset=0&filters=%7B%22catalogue_num%22%3A%22seasoning06%22%7D&trigger_type=taxonomy_seasoning06&filter_sub_category=seasoning"
  },
  {
    "category":"sauce",
    "product_name":"S&B Foods Magic Salt BBQ 80g 1 each",
    "price":27.49,
    "unit_price":"nan",
    "sales_count":null,
    "image_url":"https:\/\/img08.weeecdn.net\/item\/image\/807\/124\/5E94380A1BE923C6.jpeg!c560x560_q80.auto",
    "source_url":"https:\/\/www.sayweee.com\/en\/category\/seasoning06\/Salt-Pepper?page=1&offset=0&filters=%7B%22catalogue_num%22%3A%22seasoning06%22%7D&trigger_type=taxonomy_seasoning06&filter_sub_category=seasoning"
  },
  {
    "category":"sauce",
    "product_name":"HMT Dried Chili Pepper 2oz Gan La Jiao 1 each",
    "price":1.88,
    "unit_price":"nan",
    "sales_count":null,
    "image_url":"https:\/\/img08.weeecdn.net\/item\/image\/779\/678\/663F6D2012DE4595.jpeg!c560x560_q80.auto",
    "source_url":"https:\/\/www.sayweee.com\/en\/category\/seasoning06\/Salt-Pepper?page=1&offset=0&filters=%7B%22catalogue_num%22%3A%22seasoning06%22%7D&trigger_type=taxonomy_seasoning06&filter_sub_category=seasoning"
  },
  {
    "category":"sauce",
    "product_name":"AWAKENED TASTE Lemon Salt 40 g",
    "price":15.99,
    "unit_price":"$0.39\/g",
    "sales_count":null,
    "image_url":"https:\/\/img08.weeecdn.net\/item\/image\/792\/703\/1DF046F6009DA74A.jpeg!c560x560_q80.auto",
    "source_url":"https:\/\/www.sayweee.com\/en\/category\/seasoning06\/Salt-Pepper?page=1&offset=0&filters=%7B%22catalogue_num%22%3A%22seasoning06%22%7D&trigger_type=taxonomy_seasoning06&filter_sub_category=seasoning"
  },
  {
    "category":"sauce",
    "product_name":"AWAKENED TASTE Turmeric Salt 40 g",
    "price":15.99,
    "unit_price":"$0.39\/g",
    "sales_count":null,
    "image_url":"https:\/\/img08.weeecdn.net\/item\/image\/122\/338\/3A2D33679823D0D0.jpeg!c560x560_q80.auto",
    "source_url":"https:\/\/www.sayweee.com\/en\/category\/seasoning06\/Salt-Pepper?page=1&offset=0&filters=%7B%22catalogue_num%22%3A%22seasoning06%22%7D&trigger_type=taxonomy_seasoning06&filter_sub_category=seasoning"
  },
  {
    "category":"sauce",
    "product_name":"AJINOMOTO salt reduction table salt 180 g",
    "price":8.99,
    "unit_price":"$0.04\/g",
    "sales_count":null,
    "image_url":"https:\/\/img08.weeecdn.net\/item\/image\/049\/268\/3523A58EF7C2CA8C.jpeg!c560x560_q80.auto",
    "source_url":"https:\/\/www.sayweee.com\/en\/category\/seasoning06\/Salt-Pepper?page=1&offset=0&filters=%7B%22catalogue_num%22%3A%22seasoning06%22%7D&trigger_type=taxonomy_seasoning06&filter_sub_category=seasoning"
  },
  {
    "category":"sauce",
    "product_name":"BAEKSEOK BIT SOGUM BS Sunshine Salt Premium Melted at High Temperature Multiuse 1 count",
    "price":26.99,
    "unit_price":"nan",
    "sales_count":null,
    "image_url":"https:\/\/img08.weeecdn.net\/item\/image\/057\/628\/113F13465A131DE9.png!c560x560_q80.auto",
    "source_url":"https:\/\/www.sayweee.com\/en\/category\/seasoning06\/Salt-Pepper?page=1&offset=0&filters=%7B%22catalogue_num%22%3A%22seasoning06%22%7D&trigger_type=taxonomy_seasoning06&filter_sub_category=seasoning"
  },
  {
    "category":"sauce",
    "product_name":"AJINOMOTO SHIO 110g 110 g",
    "price":5.99,
    "unit_price":"$0.05\/g",
    "sales_count":null,
    "image_url":"https:\/\/img08.weeecdn.net\/item\/image\/632\/514\/20140A914D5E1011.jpeg!c560x560_q80.auto",
    "source_url":"https:\/\/www.sayweee.com\/en\/category\/seasoning06\/Salt-Pepper?page=1&offset=0&filters=%7B%22catalogue_num%22%3A%22seasoning06%22%7D&trigger_type=taxonomy_seasoning06&filter_sub_category=seasoning"
  },
  {
    "category":"sauce",
    "product_name":"Black Kampot Pepper - 2.2 oz (62.3g) 2.2 oz",
    "price":12.99,
    "unit_price":"$5.90\/oz",
    "sales_count":null,
    "image_url":"https:\/\/img08.weeecdn.net\/item\/image\/341\/773\/4A4DEADB7D2E436.jpeg!c560x560_q80.auto",
    "source_url":"https:\/\/www.sayweee.com\/en\/category\/seasoning06\/Salt-Pepper?page=1&offset=0&filters=%7B%22catalogue_num%22%3A%22seasoning06%22%7D&trigger_type=taxonomy_seasoning06&filter_sub_category=seasoning"
  },
  {
    "category":"sauce",
    "product_name":"Red Kampot Pepper - 2.2 oz (62.3g) 2.2 oz",
    "price":13.99,
    "unit_price":"$6.35\/oz",
    "sales_count":null,
    "image_url":"https:\/\/img08.weeecdn.net\/item\/image\/236\/092\/5F93D63C28CA4689.jpeg!c560x560_q80.auto",
    "source_url":"https:\/\/www.sayweee.com\/en\/category\/seasoning06\/Salt-Pepper?page=1&offset=0&filters=%7B%22catalogue_num%22%3A%22seasoning06%22%7D&trigger_type=taxonomy_seasoning06&filter_sub_category=seasoning"
  },
  {
    "category":"sauce",
    "product_name":"White Kampot Pepper - 2.6 oz (73.7g) 2.6 oz",
    "price":14.99,
    "unit_price":"$5.76\/oz",
    "sales_count":null,
    "image_url":"https:\/\/img08.weeecdn.net\/item\/image\/483\/449\/2033F96079649392.jpeg!c560x560_q80.auto",
    "source_url":"https:\/\/www.sayweee.com\/en\/category\/seasoning06\/Salt-Pepper?page=1&offset=0&filters=%7B%22catalogue_num%22%3A%22seasoning06%22%7D&trigger_type=taxonomy_seasoning06&filter_sub_category=seasoning"
  },
  {
    "category":"sauce",
    "product_name":"JAPAN KRAZY SALT 100 g",
    "price":8.99,
    "unit_price":"$0.08\/g",
    "sales_count":null,
    "image_url":"https:\/\/img08.weeecdn.net\/item\/image\/747\/794\/AFC9B6DAD4C618.jpeg!c560x560_q80.auto",
    "source_url":"https:\/\/www.sayweee.com\/en\/category\/seasoning06\/Salt-Pepper?page=1&offset=0&filters=%7B%22catalogue_num%22%3A%22seasoning06%22%7D&trigger_type=taxonomy_seasoning06&filter_sub_category=seasoning"
  },
  {
    "category":"sauce",
    "product_name":"PREMIUM MOSHIO (SEAWEED SALT) 80 g",
    "price":13.2,
    "unit_price":"$0.16\/g",
    "sales_count":null,
    "image_url":"https:\/\/img08.weeecdn.net\/item\/image\/931\/308\/697FD4D754D36239.jpeg!c560x560_q80.auto",
    "source_url":"https:\/\/www.sayweee.com\/en\/category\/seasoning06\/Salt-Pepper?page=1&offset=0&filters=%7B%22catalogue_num%22%3A%22seasoning06%22%7D&trigger_type=taxonomy_seasoning06&filter_sub_category=seasoning"
  },
  {
    "category":"sauce",
    "product_name":"Selina Naturally Celtic Sea Salt Fine Ground 227 g",
    "price":14.13,
    "unit_price":"$0.06\/g",
    "sales_count":null,
    "image_url":"https:\/\/img08.weeecdn.net\/item\/image\/505\/793\/20D50A25708F4966.jpeg!c560x560_q80.auto",
    "source_url":"https:\/\/www.sayweee.com\/en\/category\/seasoning06\/Salt-Pepper?page=1&offset=0&filters=%7B%22catalogue_num%22%3A%22seasoning06%22%7D&trigger_type=taxonomy_seasoning06&filter_sub_category=seasoning"
  },
  {
    "category":"sauce",
    "product_name":"EverGanic Glasswort Sea Salt for Grilling & BBQ (8.81 oz) 8.81 oz",
    "price":12.99,
    "unit_price":"$1.47\/oz",
    "sales_count":null,
    "image_url":"https:\/\/img08.weeecdn.net\/item\/image\/639\/539\/28A465D4B460B679.jpeg!c560x560_q80.auto",
    "source_url":"https:\/\/www.sayweee.com\/en\/category\/seasoning06\/Salt-Pepper?page=1&offset=0&filters=%7B%22catalogue_num%22%3A%22seasoning06%22%7D&trigger_type=taxonomy_seasoning06&filter_sub_category=seasoning"
  },
  {
    "category":"sauce",
    "product_name":"Konbu (Kelp) Salt 72 g",
    "price":14.4,
    "unit_price":"$0.20\/g",
    "sales_count":null,
    "image_url":"https:\/\/img08.weeecdn.net\/item\/image\/722\/754\/674E61D1636B4E23.png!c560x560_q80.auto",
    "source_url":"https:\/\/www.sayweee.com\/en\/category\/seasoning06\/Salt-Pepper?page=1&offset=0&filters=%7B%22catalogue_num%22%3A%22seasoning06%22%7D&trigger_type=taxonomy_seasoning06&filter_sub_category=seasoning"
  },
  {
    "category":"sauce",
    "product_name":"Selina Naturally Celtic Sea Salt Light Grey Celtic - Coarse 1 lb",
    "price":10.34,
    "unit_price":"nan",
    "sales_count":null,
    "image_url":"https:\/\/img08.weeecdn.net\/item\/image\/932\/875\/2EB76DEFB65F988F.jpeg!c560x560_q80.auto",
    "source_url":"https:\/\/www.sayweee.com\/en\/category\/seasoning06\/Salt-Pepper?page=1&offset=0&filters=%7B%22catalogue_num%22%3A%22seasoning06%22%7D&trigger_type=taxonomy_seasoning06&filter_sub_category=seasoning"
  },
  {
    "category":"sauce",
    "product_name":"Nirav Black Pepper (Peppercorn) Powder, 4 oz bag 4 oz",
    "price":4.83,
    "unit_price":"$1.20\/oz",
    "sales_count":null,
    "image_url":"https:\/\/img08.weeecdn.net\/item\/image\/377\/940\/20315C8E3ACB3D1D.gif!c560x560_q80.auto",
    "source_url":"https:\/\/www.sayweee.com\/en\/category\/seasoning06\/Salt-Pepper?page=1&offset=0&filters=%7B%22catalogue_num%22%3A%22seasoning06%22%7D&trigger_type=taxonomy_seasoning06&filter_sub_category=seasoning"
  },
  {
    "category":"sauce",
    "product_name":"Kadoya Roasted Sesame Oil 163 ml",
    "price":3.99,
    "unit_price":"$0.72\/fl.oz",
    "sales_count":900.0,
    "image_url":"https:\/\/img08.weeecdn.net\/product\/image\/864\/110\/69EF006504B9FCD6.png!c560x560_q80.auto",
    "source_url":"https:\/\/www.sayweee.com\/en\/category\/seasoning01\/Cooking-Oil?page=1&offset=0&filters=%7B%22catalogue_num%22%3A%22seasoning01%22%7D&trigger_type=taxonomy_seasoning01&filter_sub_category=seasoning"
  },
  {
    "category":"sauce",
    "product_name":"Amul Ghee 32 fl.oz",
    "price":17.99,
    "unit_price":"$0.56\/fl.oz",
    "sales_count":400.0,
    "image_url":"https:\/\/img08.weeecdn.net\/product\/image\/114\/080\/18BAF61935906B85.png!c560x560_q80.auto",
    "source_url":"https:\/\/www.sayweee.com\/en\/category\/seasoning01\/Cooking-Oil?page=1&offset=0&filters=%7B%22catalogue_num%22%3A%22seasoning01%22%7D&trigger_type=taxonomy_seasoning01&filter_sub_category=seasoning"
  },
  {
    "category":"sauce",
    "product_name":"Assi Avocado Oil Plus 67.6 oz",
    "price":14.49,
    "unit_price":"$0.21\/oz",
    "sales_count":null,
    "image_url":"https:\/\/img08.weeecdn.net\/product\/image\/264\/874\/15730080F0284923.png!c560x560_q80.auto",
    "source_url":"https:\/\/www.sayweee.com\/en\/category\/seasoning01\/Cooking-Oil?page=1&offset=0&filters=%7B%22catalogue_num%22%3A%22seasoning01%22%7D&trigger_type=taxonomy_seasoning01&filter_sub_category=seasoning"
  },
  {
    "category":"sauce",
    "product_name":"Laxmi Pure Ghee 397 g",
    "price":10.99,
    "unit_price":"$0.78\/oz",
    "sales_count":200.0,
    "image_url":"https:\/\/img08.weeecdn.net\/product\/image\/965\/685\/5F8B53059C161821.png!c560x560_q80.auto",
    "source_url":"https:\/\/www.sayweee.com\/en\/category\/seasoning01\/Cooking-Oil?page=1&offset=0&filters=%7B%22catalogue_num%22%3A%22seasoning01%22%7D&trigger_type=taxonomy_seasoning01&filter_sub_category=seasoning"
  },
  {
    "category":"sauce",
    "product_name":"Arawana Peanut Oil 1800 ml",
    "price":12.99,
    "unit_price":"$0.21\/fl.oz",
    "sales_count":null,
    "image_url":"https:\/\/img08.weeecdn.net\/item\/image\/841\/467\/1171FFDEB9CCF18F.jpg!c560x560_q80.auto",
    "source_url":"https:\/\/www.sayweee.com\/en\/category\/seasoning01\/Cooking-Oil?page=1&offset=0&filters=%7B%22catalogue_num%22%3A%22seasoning01%22%7D&trigger_type=taxonomy_seasoning01&filter_sub_category=seasoning"
  },
  {
    "category":"sauce",
    "product_name":"Patanjali Mustard Oil Kachi Ghani 33.8 oz",
    "price":4.49,
    "unit_price":"$0.13\/oz",
    "sales_count":200.0,
    "image_url":"https:\/\/img08.weeecdn.net\/product\/image\/791\/315\/6C382AE384206E32.png!c560x560_q80.auto",
    "source_url":"https:\/\/www.sayweee.com\/en\/category\/seasoning01\/Cooking-Oil?page=1&offset=0&filters=%7B%22catalogue_num%22%3A%22seasoning01%22%7D&trigger_type=taxonomy_seasoning01&filter_sub_category=seasoning"
  },
  {
    "category":"sauce",
    "product_name":"Capullo Canola Oil 32 fl.oz",
    "price":4.49,
    "unit_price":"$0.14\/fl.oz",
    "sales_count":100.0,
    "image_url":"https:\/\/img08.weeecdn.net\/product\/image\/874\/155\/3BF4FE09B7AC8467.png!c560x560_q80.auto",
    "source_url":"https:\/\/www.sayweee.com\/en\/category\/seasoning01\/Cooking-Oil?page=1&offset=0&filters=%7B%22catalogue_num%22%3A%22seasoning01%22%7D&trigger_type=taxonomy_seasoning01&filter_sub_category=seasoning"
  },
  {
    "category":"sauce",
    "product_name":"Mazola Corn Oil 40 fl.oz",
    "price":7.29,
    "unit_price":"$0.18\/fl.oz",
    "sales_count":null,
    "image_url":"https:\/\/img08.weeecdn.net\/item\/image\/957\/625\/1639E1DBC49BC2E1.jpg!c560x560_q80.auto",
    "source_url":"https:\/\/www.sayweee.com\/en\/category\/seasoning01\/Cooking-Oil?page=1&offset=0&filters=%7B%22catalogue_num%22%3A%22seasoning01%22%7D&trigger_type=taxonomy_seasoning01&filter_sub_category=seasoning"
  },
  {
    "category":"sauce",
    "product_name":"HCR Perilla Oil 350 ml",
    "price":11.99,
    "unit_price":"$1.01\/fl.oz",
    "sales_count":400.0,
    "image_url":"https:\/\/img08.weeecdn.net\/product\/image\/842\/086\/5D7B51334C9D2603.png!c560x560_q80.auto",
    "source_url":"https:\/\/www.sayweee.com\/en\/category\/seasoning01\/Cooking-Oil?page=1&offset=0&filters=%7B%22catalogue_num%22%3A%22seasoning01%22%7D&trigger_type=taxonomy_seasoning01&filter_sub_category=seasoning"
  },
  {
    "category":"sauce",
    "product_name":"Brio 100% Sunflower Oil 33.8 fl.oz",
    "price":5.49,
    "unit_price":"$0.16\/fl.oz",
    "sales_count":200.0,
    "image_url":"https:\/\/img08.weeecdn.net\/product\/image\/075\/348\/4952A10FDEA3B71D.png!c560x560_q80.auto",
    "source_url":"https:\/\/www.sayweee.com\/en\/category\/seasoning01\/Cooking-Oil?page=1&offset=0&filters=%7B%22catalogue_num%22%3A%22seasoning01%22%7D&trigger_type=taxonomy_seasoning01&filter_sub_category=seasoning"
  },
  {
    "category":"sauce",
    "product_name":"Primal Kitchen Avocado Oil 500 ml",
    "price":17.49,
    "unit_price":"$1.03\/fl.oz",
    "sales_count":null,
    "image_url":"https:\/\/img08.weeecdn.net\/product\/image\/293\/590\/2B8BF8D94BA6AD4F.png!c560x560_q80.auto",
    "source_url":"https:\/\/www.sayweee.com\/en\/category\/seasoning01\/Cooking-Oil?page=1&offset=0&filters=%7B%22catalogue_num%22%3A%22seasoning01%22%7D&trigger_type=taxonomy_seasoning01&filter_sub_category=seasoning"
  },
  {
    "category":"sauce",
    "product_name":"Nisshin Canola Oil 1L 1000 ml",
    "price":8.49,
    "unit_price":"$0.25\/fl.oz",
    "sales_count":null,
    "image_url":"https:\/\/img08.weeecdn.net\/item\/image\/172\/483\/516FE36F0BF4AF53.jpg!c560x560_q80.auto",
    "source_url":"https:\/\/www.sayweee.com\/en\/category\/seasoning01\/Cooking-Oil?page=1&offset=0&filters=%7B%22catalogue_num%22%3A%22seasoning01%22%7D&trigger_type=taxonomy_seasoning01&filter_sub_category=seasoning"
  },
  {
    "category":"sauce",
    "product_name":"Shoo Loong Kan Sesame Oil for Hot Pot 2.37 fl.oz*4 each",
    "price":5.79,
    "unit_price":"$0.61\/fl.oz",
    "sales_count":null,
    "image_url":"https:\/\/img08.weeecdn.net\/product\/image\/020\/093\/43FD5B76399056A6.png!c560x560_q80.auto",
    "source_url":"https:\/\/www.sayweee.com\/en\/category\/seasoning01\/Cooking-Oil?page=1&offset=0&filters=%7B%22catalogue_num%22%3A%22seasoning01%22%7D&trigger_type=taxonomy_seasoning01&filter_sub_category=seasoning"
  },
  {
    "category":"sauce",
    "product_name":"Idhayam Gingelly Oil (Sesame Oil) 33.8 fl.oz",
    "price":11.99,
    "unit_price":"$0.35\/fl.oz",
    "sales_count":50.0,
    "image_url":"https:\/\/img08.weeecdn.net\/product\/image\/767\/752\/2074EA0CF08C40D4.png!c560x560_q80.auto",
    "source_url":"https:\/\/www.sayweee.com\/en\/category\/seasoning01\/Cooking-Oil?page=1&offset=0&filters=%7B%22catalogue_num%22%3A%22seasoning01%22%7D&trigger_type=taxonomy_seasoning01&filter_sub_category=seasoning"
  },
  {
    "category":"sauce",
    "product_name":"Arowana Brand Golden Ratio Vegetable Cooking Oil 900 ml",
    "price":7.79,
    "unit_price":"$0.25\/fl.oz",
    "sales_count":100.0,
    "image_url":"https:\/\/img08.weeecdn.net\/product\/image\/037\/461\/3163DE7B4133EE15.jpeg!c560x560_q80.auto",
    "source_url":"https:\/\/www.sayweee.com\/en\/category\/seasoning01\/Cooking-Oil?page=1&offset=0&filters=%7B%22catalogue_num%22%3A%22seasoning01%22%7D&trigger_type=taxonomy_seasoning01&filter_sub_category=seasoning"
  },
  {
    "category":"sauce",
    "product_name":"Laxmi Peanut Oil 67.6 fl.oz",
    "price":17.49,
    "unit_price":"$0.25\/fl.oz",
    "sales_count":50.0,
    "image_url":"https:\/\/img08.weeecdn.net\/product\/image\/853\/891\/6EB97DEDD392215D.png!c560x560_q80.auto",
    "source_url":"https:\/\/www.sayweee.com\/en\/category\/seasoning01\/Cooking-Oil?page=1&offset=0&filters=%7B%22catalogue_num%22%3A%22seasoning01%22%7D&trigger_type=taxonomy_seasoning01&filter_sub_category=seasoning"
  },
  {
    "category":"sauce",
    "product_name":"HCR SESAME OIL 350 ml",
    "price":8.79,
    "unit_price":"$0.74\/fl.oz",
    "sales_count":200.0,
    "image_url":"https:\/\/img08.weeecdn.net\/product\/image\/825\/185\/46D6A1767C4DBE45.png!c560x560_q80.auto",
    "source_url":"https:\/\/www.sayweee.com\/en\/category\/seasoning01\/Cooking-Oil?page=1&offset=0&filters=%7B%22catalogue_num%22%3A%22seasoning01%22%7D&trigger_type=taxonomy_seasoning01&filter_sub_category=seasoning"
  },
  {
    "category":"sauce",
    "product_name":"Mogami Canola Olive Oil Blend 64 oz",
    "price":12.99,
    "unit_price":"$0.20\/oz",
    "sales_count":50.0,
    "image_url":"https:\/\/img08.weeecdn.net\/product\/image\/486\/221\/12497903C06B255E.jpeg!c560x560_q80.auto",
    "source_url":"https:\/\/www.sayweee.com\/en\/category\/seasoning01\/Cooking-Oil?page=1&offset=0&filters=%7B%22catalogue_num%22%3A%22seasoning01%22%7D&trigger_type=taxonomy_seasoning01&filter_sub_category=seasoning"
  },
  {
    "category":"sauce",
    "product_name":"Longevity Peanut Expeller Pressed 100% Pure Peanut Oil 1000-1000 ml",
    "price":10.99,
    "unit_price":"$0.32\/fl.oz",
    "sales_count":null,
    "image_url":"https:\/\/img08.weeecdn.net\/product\/image\/044\/251\/24FD00CF07057CD3.png!c560x560_q80.auto",
    "source_url":"https:\/\/www.sayweee.com\/en\/category\/seasoning01\/Cooking-Oil?page=1&offset=0&filters=%7B%22catalogue_num%22%3A%22seasoning01%22%7D&trigger_type=taxonomy_seasoning01&filter_sub_category=seasoning"
  },
  {
    "category":"sauce",
    "product_name":"Pompeian Extra Virgin Olive Oil Smooth 16 oz",
    "price":15.49,
    "unit_price":"$0.96\/oz",
    "sales_count":null,
    "image_url":"https:\/\/img08.weeecdn.net\/product\/image\/262\/655\/24A16D4EFCED49FD.png!c560x560_q80.auto",
    "source_url":"https:\/\/www.sayweee.com\/en\/category\/seasoning01\/Cooking-Oil?page=1&offset=0&filters=%7B%22catalogue_num%22%3A%22seasoning01%22%7D&trigger_type=taxonomy_seasoning01&filter_sub_category=seasoning"
  },
  {
    "category":"sauce",
    "product_name":"California Olive Ranch Extra Virgin Olive Oil 25.4 oz",
    "price":27.99,
    "unit_price":"$1.10\/oz",
    "sales_count":null,
    "image_url":"https:\/\/img08.weeecdn.net\/item\/image\/167\/965\/372B100912E86566.jpg!c560x560_q80.auto",
    "source_url":"https:\/\/www.sayweee.com\/en\/category\/seasoning01\/Cooking-Oil?page=1&offset=0&filters=%7B%22catalogue_num%22%3A%22seasoning01%22%7D&trigger_type=taxonomy_seasoning01&filter_sub_category=seasoning"
  },
  {
    "category":"sauce",
    "product_name":"Avo Avocado Oil Plus 2 liters 67.6 oz",
    "price":13.99,
    "unit_price":"$0.20\/oz",
    "sales_count":50.0,
    "image_url":"https:\/\/img08.weeecdn.net\/product\/image\/121\/874\/59E725C20A073C72.png!c560x560_q80.auto",
    "source_url":"https:\/\/www.sayweee.com\/en\/category\/seasoning01\/Cooking-Oil?page=1&offset=0&filters=%7B%22catalogue_num%22%3A%22seasoning01%22%7D&trigger_type=taxonomy_seasoning01&filter_sub_category=seasoning"
  },
  {
    "category":"sauce",
    "product_name":"La Tourangelle Organic Refined Coconut Oil 14 oz",
    "price":8.99,
    "unit_price":"$0.64\/oz",
    "sales_count":null,
    "image_url":"https:\/\/img08.weeecdn.net\/product\/image\/038\/480\/4D7332AE35C0A3AC.png!c560x560_q80.auto",
    "source_url":"https:\/\/www.sayweee.com\/en\/category\/seasoning01\/Cooking-Oil?page=1&offset=0&filters=%7B%22catalogue_num%22%3A%22seasoning01%22%7D&trigger_type=taxonomy_seasoning01&filter_sub_category=seasoning"
  },
  {
    "category":"sauce",
    "product_name":"Laxmi Vegetable Oil 2.84 lb",
    "price":7.99,
    "unit_price":"$0.17\/oz",
    "sales_count":100.0,
    "image_url":"https:\/\/img08.weeecdn.net\/product\/image\/188\/860\/6E6E29EA8E09EFDB.png!c560x560_q80.auto",
    "source_url":"https:\/\/www.sayweee.com\/en\/category\/seasoning01\/Cooking-Oil?page=1&offset=0&filters=%7B%22catalogue_num%22%3A%22seasoning01%22%7D&trigger_type=taxonomy_seasoning01&filter_sub_category=seasoning"
  },
  {
    "category":"sauce",
    "product_name":"Arawana Edible Vegetable Blend Oil 1800 ml",
    "price":11.99,
    "unit_price":"$0.19\/fl.oz",
    "sales_count":200.0,
    "image_url":"https:\/\/img08.weeecdn.net\/item\/image\/902\/663\/74CEAAEB47C558A9.jpg!c560x560_q80.auto",
    "source_url":"https:\/\/www.sayweee.com\/en\/category\/seasoning01\/Cooking-Oil?page=1&offset=0&filters=%7B%22catalogue_num%22%3A%22seasoning01%22%7D&trigger_type=taxonomy_seasoning01&filter_sub_category=seasoning"
  },
  {
    "category":"sauce",
    "product_name":"Chosen Foods 100% Pure Avocado Oil Spray 4.7 oz",
    "price":8.49,
    "unit_price":"$1.80\/oz",
    "sales_count":200.0,
    "image_url":"https:\/\/img08.weeecdn.net\/item\/image\/224\/219\/669306718791111.jpg!c560x560_q80.auto",
    "source_url":"https:\/\/www.sayweee.com\/en\/category\/seasoning01\/Cooking-Oil?page=1&offset=0&filters=%7B%22catalogue_num%22%3A%22seasoning01%22%7D&trigger_type=taxonomy_seasoning01&filter_sub_category=seasoning"
  },
  {
    "category":"sauce",
    "product_name":"LuHua Peanut oil 1800 ml",
    "price":24.99,
    "unit_price":"$0.41\/fl.oz",
    "sales_count":200.0,
    "image_url":"https:\/\/img08.weeecdn.net\/description\/image\/443\/090\/637F6B1BB928915C.png!c560x560_q80.auto",
    "source_url":"https:\/\/www.sayweee.com\/en\/category\/seasoning01\/Cooking-Oil?page=1&offset=0&filters=%7B%22catalogue_num%22%3A%22seasoning01%22%7D&trigger_type=taxonomy_seasoning01&filter_sub_category=seasoning"
  },
  {
    "category":"sauce",
    "product_name":"Nissin Canola Oil Healthy 900 ml",
    "price":8.29,
    "unit_price":"$0.27\/fl.oz",
    "sales_count":50.0,
    "image_url":"https:\/\/img08.weeecdn.net\/product\/image\/241\/887\/56B5B6A01CC3AE0D.png!c560x560_q80.auto",
    "source_url":"https:\/\/www.sayweee.com\/en\/category\/seasoning01\/Cooking-Oil?page=1&offset=0&filters=%7B%22catalogue_num%22%3A%22seasoning01%22%7D&trigger_type=taxonomy_seasoning01&filter_sub_category=seasoning"
  },
  {
    "category":"sauce",
    "product_name":"123 Vegetable Oil 33.8 fl.oz",
    "price":4.99,
    "unit_price":"$0.14\/fl.oz",
    "sales_count":null,
    "image_url":"https:\/\/img08.weeecdn.net\/item\/image\/088\/029\/770BEDF996F30059.jpg!c560x560_q80.auto",
    "source_url":"https:\/\/www.sayweee.com\/en\/category\/seasoning01\/Cooking-Oil?page=1&offset=0&filters=%7B%22catalogue_num%22%3A%22seasoning01%22%7D&trigger_type=taxonomy_seasoning01&filter_sub_category=seasoning"
  },
  {
    "category":"sauce",
    "product_name":"24 Mantra Organic Sunflower Oil 33.8 fl.oz",
    "price":12.99,
    "unit_price":"$0.38\/fl.oz",
    "sales_count":null,
    "image_url":"https:\/\/img08.weeecdn.net\/product\/image\/398\/986\/79DCB9A72D9ED116.png!c560x560_q80.auto",
    "source_url":"https:\/\/www.sayweee.com\/en\/category\/seasoning01\/Cooking-Oil?page=1&offset=0&filters=%7B%22catalogue_num%22%3A%22seasoning01%22%7D&trigger_type=taxonomy_seasoning01&filter_sub_category=seasoning"
  },
  {
    "category":"sauce",
    "product_name":"Idhyam Mantra Peanut Oil 1000 ml",
    "price":7.99,
    "unit_price":"$0.23\/fl.oz",
    "sales_count":null,
    "image_url":"https:\/\/img08.weeecdn.net\/product\/image\/124\/511\/71C9E8168C119B0B.png!c560x560_q80.auto",
    "source_url":"https:\/\/www.sayweee.com\/en\/category\/seasoning01\/Cooking-Oil?page=1&offset=0&filters=%7B%22catalogue_num%22%3A%22seasoning01%22%7D&trigger_type=taxonomy_seasoning01&filter_sub_category=seasoning"
  },
  {
    "category":"sauce",
    "product_name":"Figaro 100% Olive Oil 6.49 fl.oz",
    "price":6.99,
    "unit_price":"$1.07\/fl.oz",
    "sales_count":null,
    "image_url":"https:\/\/img08.weeecdn.net\/product\/image\/939\/194\/6E4DA942A2C0F167.png!c560x560_q80.auto",
    "source_url":"https:\/\/www.sayweee.com\/en\/category\/seasoning01\/Cooking-Oil?page=1&offset=0&filters=%7B%22catalogue_num%22%3A%22seasoning01%22%7D&trigger_type=taxonomy_seasoning01&filter_sub_category=seasoning"
  },
  {
    "category":"sauce",
    "product_name":"Napa Valley Naturals Organic Toasted Sesame Oil 12.7 oz",
    "price":12.99,
    "unit_price":"$1.02\/oz",
    "sales_count":null,
    "image_url":"https:\/\/img08.weeecdn.net\/product\/image\/599\/098\/17B47DE0B1C4F413.png!c560x560_q80.auto",
    "source_url":"https:\/\/www.sayweee.com\/en\/category\/seasoning01\/Cooking-Oil?page=1&offset=0&filters=%7B%22catalogue_num%22%3A%22seasoning01%22%7D&trigger_type=taxonomy_seasoning01&filter_sub_category=seasoning"
  },
  {
    "category":"sauce",
    "product_name":"Britannia Pure Cow Ghee 33.8 fl.oz",
    "price":17.59,
    "unit_price":"$0.52\/fl.oz",
    "sales_count":null,
    "image_url":"https:\/\/img08.weeecdn.net\/product\/image\/028\/836\/28D14A14429E68B.png!c560x560_q80.auto",
    "source_url":"https:\/\/www.sayweee.com\/en\/category\/seasoning01\/Cooking-Oil?page=1&offset=0&filters=%7B%22catalogue_num%22%3A%22seasoning01%22%7D&trigger_type=taxonomy_seasoning01&filter_sub_category=seasoning"
  },
  {
    "category":"sauce",
    "product_name":"100% Premium Black Sesame Oil 1 each",
    "price":41.99,
    "unit_price":"nan",
    "sales_count":null,
    "image_url":"https:\/\/img08.weeecdn.net\/item\/image\/931\/415\/4E53EB578E26935.webp!c560x560_q80.auto",
    "source_url":"https:\/\/www.sayweee.com\/en\/category\/seasoning01\/Cooking-Oil?page=1&offset=0&filters=%7B%22catalogue_num%22%3A%22seasoning01%22%7D&trigger_type=taxonomy_seasoning01&filter_sub_category=seasoning"
  },
  {
    "category":"sauce",
    "product_name":"Oléico High Oleic Safflower Oil 32 oz",
    "price":6.19,
    "unit_price":"$0.19\/oz",
    "sales_count":null,
    "image_url":"https:\/\/img08.weeecdn.net\/product\/image\/584\/874\/38C543A123284413.png!c560x560_q80.auto",
    "source_url":"https:\/\/www.sayweee.com\/en\/category\/seasoning01\/Cooking-Oil?page=1&offset=0&filters=%7B%22catalogue_num%22%3A%22seasoning01%22%7D&trigger_type=taxonomy_seasoning01&filter_sub_category=seasoning"
  },
  {
    "category":"sauce",
    "product_name":"123 Corn Oil 33.8 fl.oz",
    "price":5.49,
    "unit_price":"$0.16\/fl.oz",
    "sales_count":null,
    "image_url":"https:\/\/img08.weeecdn.net\/item\/image\/461\/578\/3AC540539014B060.jpg!c560x560_q80.auto",
    "source_url":"https:\/\/www.sayweee.com\/en\/category\/seasoning01\/Cooking-Oil?page=1&offset=0&filters=%7B%22catalogue_num%22%3A%22seasoning01%22%7D&trigger_type=taxonomy_seasoning01&filter_sub_category=seasoning"
  },
  {
    "category":"sauce",
    "product_name":"1-2-3 Canola Oil 33.8 oz",
    "price":4.99,
    "unit_price":"$0.14\/oz",
    "sales_count":null,
    "image_url":"https:\/\/img08.weeecdn.net\/product\/image\/838\/251\/79210C13652E49FE.jpeg!c560x560_q80.auto",
    "source_url":"https:\/\/www.sayweee.com\/en\/category\/seasoning01\/Cooking-Oil?page=1&offset=0&filters=%7B%22catalogue_num%22%3A%22seasoning01%22%7D&trigger_type=taxonomy_seasoning01&filter_sub_category=seasoning"
  },
  {
    "category":"sauce",
    "product_name":"Figaro Spanish Olive Oil 13.9 fl.oz",
    "price":10.99,
    "unit_price":"$0.79\/fl.oz",
    "sales_count":null,
    "image_url":"https:\/\/img08.weeecdn.net\/product\/image\/591\/036\/E3AC86133B6C54B.png!c560x560_q80.auto",
    "source_url":"https:\/\/www.sayweee.com\/en\/category\/seasoning01\/Cooking-Oil?page=1&offset=0&filters=%7B%22catalogue_num%22%3A%22seasoning01%22%7D&trigger_type=taxonomy_seasoning01&filter_sub_category=seasoning"
  },
  {
    "category":"sauce",
    "product_name":"Arowana Canola Oil 1800 ml",
    "price":13.99,
    "unit_price":"$0.22\/fl.oz",
    "sales_count":null,
    "image_url":"https:\/\/img08.weeecdn.net\/product\/image\/159\/477\/19ACCA15BE1E189.png!c560x560_q80.auto",
    "source_url":"https:\/\/www.sayweee.com\/en\/category\/seasoning01\/Cooking-Oil?page=1&offset=0&filters=%7B%22catalogue_num%22%3A%22seasoning01%22%7D&trigger_type=taxonomy_seasoning01&filter_sub_category=seasoning"
  },
  {
    "category":"sauce",
    "product_name":"SAJO Haepyo SOY BEAN OIL 29.1 oz",
    "price":5.99,
    "unit_price":"$0.20\/oz",
    "sales_count":null,
    "image_url":"https:\/\/img08.weeecdn.net\/product\/image\/300\/597\/7F784FB2F2B14E49.png!c560x560_q80.auto",
    "source_url":"https:\/\/www.sayweee.com\/en\/category\/seasoning01\/Cooking-Oil?page=1&offset=0&filters=%7B%22catalogue_num%22%3A%22seasoning01%22%7D&trigger_type=taxonomy_seasoning01&filter_sub_category=seasoning"
  },
  {
    "category":"sauce",
    "product_name":"Arowana Brand Blend Oil 4000 ml",
    "price":30.79,
    "unit_price":"$0.22\/fl.oz",
    "sales_count":null,
    "image_url":"https:\/\/img08.weeecdn.net\/description\/image\/648\/134\/65AB989E02E9D9CF.png!c560x560_q80.auto",
    "source_url":"https:\/\/www.sayweee.com\/en\/category\/seasoning01\/Cooking-Oil?page=1&offset=0&filters=%7B%22catalogue_num%22%3A%22seasoning01%22%7D&trigger_type=taxonomy_seasoning01&filter_sub_category=seasoning"
  },
  {
    "category":"sauce",
    "product_name":"Goya Extra Virgin Olive Oil 17 fl.oz",
    "price":13.99,
    "unit_price":"$0.82\/fl.oz",
    "sales_count":null,
    "image_url":"https:\/\/img08.weeecdn.net\/item\/image\/276\/910\/66EB2C5499D84BE4.jpg!c560x560_q80.auto",
    "source_url":"https:\/\/www.sayweee.com\/en\/category\/seasoning01\/Cooking-Oil?page=1&offset=0&filters=%7B%22catalogue_num%22%3A%22seasoning01%22%7D&trigger_type=taxonomy_seasoning01&filter_sub_category=seasoning"
  },
  {
    "category":"sauce",
    "product_name":"Avo Olive Oil Plus 2 liters 67.6 oz",
    "price":14.99,
    "unit_price":"$0.22\/oz",
    "sales_count":null,
    "image_url":"https:\/\/img08.weeecdn.net\/product\/image\/841\/946\/75CF34664D1E20A4.png!c560x560_q80.auto",
    "source_url":"https:\/\/www.sayweee.com\/en\/category\/seasoning01\/Cooking-Oil?page=1&offset=0&filters=%7B%22catalogue_num%22%3A%22seasoning01%22%7D&trigger_type=taxonomy_seasoning01&filter_sub_category=seasoning"
  },
  {
    "category":"sauce",
    "product_name":"Lion &amp; Globe Peanut Oil 2L 2000 ml",
    "price":27.99,
    "unit_price":"$0.41\/fl.oz",
    "sales_count":50.0,
    "image_url":"https:\/\/img08.weeecdn.net\/product\/image\/791\/509\/56461E5806DF5C8B.png!c560x560_q80.auto",
    "source_url":"https:\/\/www.sayweee.com\/en\/category\/seasoning01\/Cooking-Oil?page=1&offset=0&filters=%7B%22catalogue_num%22%3A%22seasoning01%22%7D&trigger_type=taxonomy_seasoning01&filter_sub_category=seasoning"
  },
  {
    "category":"sauce",
    "product_name":"Beksul Soybean Oil 1800 ml",
    "price":13.99,
    "unit_price":"$0.22\/fl.oz",
    "sales_count":null,
    "image_url":"https:\/\/img08.weeecdn.net\/product\/image\/262\/246\/717B96C6A754AAE7.png!c560x560_q80.auto",
    "source_url":"https:\/\/www.sayweee.com\/en\/category\/seasoning01\/Cooking-Oil?page=1&offset=0&filters=%7B%22catalogue_num%22%3A%22seasoning01%22%7D&trigger_type=taxonomy_seasoning01&filter_sub_category=seasoning"
  },
  {
    "category":"sauce",
    "product_name":"Tsuno Rice Oil 1.65 lb",
    "price":8.99,
    "unit_price":"$0.34\/oz",
    "sales_count":null,
    "image_url":"https:\/\/img08.weeecdn.net\/product\/image\/136\/858\/317FCA1064FA4B29.png!c560x560_q80.auto",
    "source_url":"https:\/\/www.sayweee.com\/en\/category\/seasoning01\/Cooking-Oil?page=1&offset=0&filters=%7B%22catalogue_num%22%3A%22seasoning01%22%7D&trigger_type=taxonomy_seasoning01&filter_sub_category=seasoning"
  },
  {
    "category":"sauce",
    "product_name":"Red sichuan peppercorn oil 13.52 fl oz\/400ml, Peppercorn Flavored Oil 13.52 fl.oz",
    "price":7.9,
    "unit_price":"$0.58\/fl.oz",
    "sales_count":null,
    "image_url":"https:\/\/img08.weeecdn.net\/item\/image\/533\/129\/4770AED3AD1E29C1.jpeg!c560x560_q80.auto",
    "source_url":"https:\/\/www.sayweee.com\/en\/category\/seasoning01\/Cooking-Oil?page=1&offset=0&filters=%7B%22catalogue_num%22%3A%22seasoning01%22%7D&trigger_type=taxonomy_seasoning01&filter_sub_category=seasoning"
  },
  {
    "category":"sauce",
    "product_name":"Organic pure perilla seed oil 500ml 500 ml",
    "price":40.21,
    "unit_price":"$0.08\/ml",
    "sales_count":null,
    "image_url":"https:\/\/img08.weeecdn.net\/item\/image\/695\/320\/97CBDD9A5C6FFEB.jpeg!c560x560_q80.auto",
    "source_url":"https:\/\/www.sayweee.com\/en\/category\/seasoning01\/Cooking-Oil?page=1&offset=0&filters=%7B%22catalogue_num%22%3A%22seasoning01%22%7D&trigger_type=taxonomy_seasoning01&filter_sub_category=seasoning"
  },
  {
    "category":"sauce",
    "product_name":"Wood ginger oil, pure fragrance, wild wood ginger, fresh mountain ginger oil 115 ml",
    "price":15.04,
    "unit_price":"$0.13\/ml",
    "sales_count":null,
    "image_url":"https:\/\/img08.weeecdn.net\/item\/image\/055\/077\/70AD3DD659BFB4CC.jpeg!c560x560_q80.auto",
    "source_url":"https:\/\/www.sayweee.com\/en\/category\/seasoning01\/Cooking-Oil?page=1&offset=0&filters=%7B%22catalogue_num%22%3A%22seasoning01%22%7D&trigger_type=taxonomy_seasoning01&filter_sub_category=seasoning"
  },
  {
    "category":"sauce",
    "product_name":"Arowana brand 10th Anniversary Gift Box 1300 ml",
    "price":19.99,
    "unit_price":"$0.45\/fl.oz",
    "sales_count":null,
    "image_url":"https:\/\/img08.weeecdn.net\/product\/image\/801\/961\/5A4BF4D16F4D04EF.png!c560x560_q80.auto",
    "source_url":"https:\/\/www.sayweee.com\/en\/category\/seasoning01\/Cooking-Oil?page=1&offset=0&filters=%7B%22catalogue_num%22%3A%22seasoning01%22%7D&trigger_type=taxonomy_seasoning01&filter_sub_category=seasoning"
  },
  {
    "category":"sauce",
    "product_name":"Parachute 100% Pure Coconut Oil 920 ml",
    "price":11.99,
    "unit_price":"$0.38\/fl.oz",
    "sales_count":null,
    "image_url":"https:\/\/img08.weeecdn.net\/product\/image\/573\/873\/704936896A407C75.png!c560x560_q80.auto",
    "source_url":"https:\/\/www.sayweee.com\/en\/category\/seasoning01\/Cooking-Oil?page=1&offset=0&filters=%7B%22catalogue_num%22%3A%22seasoning01%22%7D&trigger_type=taxonomy_seasoning01&filter_sub_category=seasoning"
  },
  {
    "category":"sauce",
    "product_name":"24 Mantra Organic Ghee 14 oz",
    "price":20.99,
    "unit_price":"$1.49\/oz",
    "sales_count":null,
    "image_url":"https:\/\/img08.weeecdn.net\/product\/image\/648\/563\/59525189EC67935C.png!c560x560_q80.auto",
    "source_url":"https:\/\/www.sayweee.com\/en\/category\/seasoning01\/Cooking-Oil?page=1&offset=0&filters=%7B%22catalogue_num%22%3A%22seasoning01%22%7D&trigger_type=taxonomy_seasoning01&filter_sub_category=seasoning"
  },
  {
    "category":"sauce",
    "product_name":"Black Sesame Oil (500ml) 500 ml",
    "price":29.0,
    "unit_price":"$0.05\/ml",
    "sales_count":null,
    "image_url":"https:\/\/img08.weeecdn.net\/item\/image\/634\/339\/11272A0888007445.png!c560x560_q80.auto",
    "source_url":"https:\/\/www.sayweee.com\/en\/category\/seasoning01\/Cooking-Oil?page=1&offset=0&filters=%7B%22catalogue_num%22%3A%22seasoning01%22%7D&trigger_type=taxonomy_seasoning01&filter_sub_category=seasoning"
  },
  {
    "category":"sauce",
    "product_name":"MEI-SHAN TEA-SEEDS OIL Premium Camellia Oil 250ml 250 ml",
    "price":38.0,
    "unit_price":"$0.15\/ml",
    "sales_count":null,
    "image_url":"https:\/\/img08.weeecdn.net\/item\/image\/705\/105\/7FF9CEABFA0F299E.jpeg!c560x560_q80.auto",
    "source_url":"https:\/\/www.sayweee.com\/en\/category\/seasoning01\/Cooking-Oil?page=1&offset=0&filters=%7B%22catalogue_num%22%3A%22seasoning01%22%7D&trigger_type=taxonomy_seasoning01&filter_sub_category=seasoning"
  },
  {
    "category":"sauce",
    "product_name":"Shao Wansheng black lard 200 g",
    "price":23.22,
    "unit_price":"$0.11\/g",
    "sales_count":null,
    "image_url":"https:\/\/img08.weeecdn.net\/item\/image\/647\/613\/6B20853BD230CFA6.jpeg!c560x560_q80.auto",
    "source_url":"https:\/\/www.sayweee.com\/en\/category\/seasoning01\/Cooking-Oil?page=1&offset=0&filters=%7B%22catalogue_num%22%3A%22seasoning01%22%7D&trigger_type=taxonomy_seasoning01&filter_sub_category=seasoning"
  },
  {
    "category":"sauce",
    "product_name":"MEI-SHAN TEA-SEEDS OIL Camellia Oil 500 ml",
    "price":59.0,
    "unit_price":"$0.11\/ml",
    "sales_count":null,
    "image_url":"https:\/\/img08.weeecdn.net\/item\/image\/784\/626\/6724A7F69C65AE57.jpeg!c560x560_q80.auto",
    "source_url":"https:\/\/www.sayweee.com\/en\/category\/seasoning01\/Cooking-Oil?page=1&offset=0&filters=%7B%22catalogue_num%22%3A%22seasoning01%22%7D&trigger_type=taxonomy_seasoning01&filter_sub_category=seasoning"
  },
  {
    "category":"sauce",
    "product_name":"Camellia Oil (500ml) 500 ml",
    "price":59.0,
    "unit_price":"$0.11\/ml",
    "sales_count":null,
    "image_url":"https:\/\/img08.weeecdn.net\/item\/image\/584\/682\/719F2482C78F7DA0.png!c560x560_q80.auto",
    "source_url":"https:\/\/www.sayweee.com\/en\/category\/seasoning01\/Cooking-Oil?page=1&offset=0&filters=%7B%22catalogue_num%22%3A%22seasoning01%22%7D&trigger_type=taxonomy_seasoning01&filter_sub_category=seasoning"
  },
  {
    "category":"sauce",
    "product_name":"Chives oil Multi-purpose kitchen seasoning oil 200 ml",
    "price":8.81,
    "unit_price":"$0.04\/ml",
    "sales_count":null,
    "image_url":"https:\/\/img08.weeecdn.net\/item\/image\/531\/261\/7F394B48B17A0CE5.jpeg!c560x560_q80.auto",
    "source_url":"https:\/\/www.sayweee.com\/en\/category\/seasoning01\/Cooking-Oil?page=1&offset=0&filters=%7B%22catalogue_num%22%3A%22seasoning01%22%7D&trigger_type=taxonomy_seasoning01&filter_sub_category=seasoning"
  },
  {
    "category":"sauce",
    "product_name":"Nanshizhao golden scallion goose oil 180g 180 g",
    "price":22.43,
    "unit_price":"$0.12\/g",
    "sales_count":null,
    "image_url":"https:\/\/img08.weeecdn.net\/item\/image\/027\/118\/1911559D4B0FB5AF.jpeg!c560x560_q80.auto",
    "source_url":"https:\/\/www.sayweee.com\/en\/category\/seasoning01\/Cooking-Oil?page=1&offset=0&filters=%7B%22catalogue_num%22%3A%22seasoning01%22%7D&trigger_type=taxonomy_seasoning01&filter_sub_category=seasoning"
  },
  {
    "category":"sauce",
    "product_name":"Lee Kum Kee Premium Soy Sauce 500 ml",
    "price":3.79,
    "unit_price":"$0.22\/fl.oz",
    "sales_count":null,
    "image_url":"https:\/\/img08.weeecdn.net\/product\/image\/401\/600\/E09BD33D333B573.png!c560x560_q80.auto",
    "source_url":"https:\/\/www.sayweee.com\/en\/category\/seasoning08\/Soy-Sauce?page=1&offset=0&filters=%7B%22catalogue_num%22%3A%22seasoning08%22%7D&trigger_type=taxonomy_seasoning08&filter_sub_category=seasoning"
  },
  {
    "category":"sauce",
    "product_name":"Haday Wei Ji Xian Premium Soy Sauce 750 ml",
    "price":4.99,
    "unit_price":"$0.19\/fl.oz",
    "sales_count":null,
    "image_url":"https:\/\/img08.weeecdn.net\/product\/image\/627\/225\/3DBABD785CF90FDC.png!c560x560_q80.auto",
    "source_url":"https:\/\/www.sayweee.com\/en\/category\/seasoning08\/Soy-Sauce?page=1&offset=0&filters=%7B%22catalogue_num%22%3A%22seasoning08%22%7D&trigger_type=taxonomy_seasoning08&filter_sub_category=seasoning"
  },
  {
    "category":"sauce",
    "product_name":"Datu Puti Value Pack, Soy Sauce and Vinegar 1000 ml",
    "price":6.29,
    "unit_price":"$0.18\/fl.oz",
    "sales_count":1.0,
    "image_url":"https:\/\/img08.weeecdn.net\/product\/image\/773\/275\/3A567A5F88D67A54.png!c560x560_q80.auto",
    "source_url":"https:\/\/www.sayweee.com\/en\/category\/seasoning08\/Soy-Sauce?page=1&offset=0&filters=%7B%22catalogue_num%22%3A%22seasoning08%22%7D&trigger_type=taxonomy_seasoning08&filter_sub_category=seasoning"
  },
  {
    "category":"sauce",
    "product_name":"Lee Kum Kee Soy Sauce 500 ml",
    "price":2.69,
    "unit_price":"$0.15\/fl.oz",
    "sales_count":null,
    "image_url":"https:\/\/img08.weeecdn.net\/item\/image\/587\/067\/9BCBAD500B47E08.jpg!c560x560_q80.auto",
    "source_url":"https:\/\/www.sayweee.com\/en\/category\/seasoning08\/Soy-Sauce?page=1&offset=0&filters=%7B%22catalogue_num%22%3A%22seasoning08%22%7D&trigger_type=taxonomy_seasoning08&filter_sub_category=seasoning"
  },
  {
    "category":"sauce",
    "product_name":"Kikkoman Soy Sauce 1000 ml",
    "price":5.99,
    "unit_price":"$0.17\/fl.oz",
    "sales_count":600.0,
    "image_url":"https:\/\/img08.weeecdn.net\/product\/image\/103\/852\/573E3345F0C3F7B.png!c560x560_q80.auto",
    "source_url":"https:\/\/www.sayweee.com\/en\/category\/seasoning08\/Soy-Sauce?page=1&offset=0&filters=%7B%22catalogue_num%22%3A%22seasoning08%22%7D&trigger_type=taxonomy_seasoning08&filter_sub_category=seasoning"
  },
  {
    "category":"sauce",
    "product_name":"Knorr Liquid Seasoning 250 ml",
    "price":3.29,
    "unit_price":"$0.38\/fl.oz",
    "sales_count":1.0,
    "image_url":"https:\/\/img08.weeecdn.net\/product\/image\/866\/823\/3D473199163A3D33.png!c560x560_q80.auto",
    "source_url":"https:\/\/www.sayweee.com\/en\/category\/seasoning08\/Soy-Sauce?page=1&offset=0&filters=%7B%22catalogue_num%22%3A%22seasoning08%22%7D&trigger_type=taxonomy_seasoning08&filter_sub_category=seasoning"
  },
  {
    "category":"sauce",
    "product_name":"Superior Light Soy Sauce 500 ml",
    "price":2.29,
    "unit_price":"$0.13\/fl.oz",
    "sales_count":300.0,
    "image_url":"https:\/\/img08.weeecdn.net\/product\/image\/397\/875\/3A2F5ECC752F43C.png!c560x560_q80.auto",
    "source_url":"https:\/\/www.sayweee.com\/en\/category\/seasoning08\/Soy-Sauce?page=1&offset=0&filters=%7B%22catalogue_num%22%3A%22seasoning08%22%7D&trigger_type=taxonomy_seasoning08&filter_sub_category=seasoning"
  },
  {
    "category":"sauce",
    "product_name":"Kikkoman Soy Sauce Less Sodium 64 oz",
    "price":12.49,
    "unit_price":"$0.19\/oz",
    "sales_count":null,
    "image_url":"https:\/\/img08.weeecdn.net\/item\/image\/552\/587\/2D602F831E2C8EB8.jpg!c560x560_q80.auto",
    "source_url":"https:\/\/www.sayweee.com\/en\/category\/seasoning08\/Soy-Sauce?page=1&offset=0&filters=%7B%22catalogue_num%22%3A%22seasoning08%22%7D&trigger_type=taxonomy_seasoning08&filter_sub_category=seasoning"
  },
  {
    "category":"sauce",
    "product_name":"Kikkoman Soy Sauce 64 oz",
    "price":9.99,
    "unit_price":"$0.15\/oz",
    "sales_count":null,
    "image_url":"https:\/\/img08.weeecdn.net\/product\/image\/390\/520\/14218EF340298D41.png!c560x560_q80.auto",
    "source_url":"https:\/\/www.sayweee.com\/en\/category\/seasoning08\/Soy-Sauce?page=1&offset=0&filters=%7B%22catalogue_num%22%3A%22seasoning08%22%7D&trigger_type=taxonomy_seasoning08&filter_sub_category=seasoning"
  },
  {
    "category":"sauce",
    "product_name":"Lee Kum Kee Sweet Soy Sauce 410 ml",
    "price":5.99,
    "unit_price":"$0.43\/fl.oz",
    "sales_count":300.0,
    "image_url":"https:\/\/img08.weeecdn.net\/item\/image\/482\/365\/262EAB7038D0CD15.jpg!c560x560_q80.auto",
    "source_url":"https:\/\/www.sayweee.com\/en\/category\/seasoning08\/Soy-Sauce?page=1&offset=0&filters=%7B%22catalogue_num%22%3A%22seasoning08%22%7D&trigger_type=taxonomy_seasoning08&filter_sub_category=seasoning"
  },
  {
    "category":"sauce",
    "product_name":"Lee Kum Kee Dark Soy Sauce, Mushroom Flavor 500 ml",
    "price":3.29,
    "unit_price":"$0.19\/fl.oz",
    "sales_count":400.0,
    "image_url":"https:\/\/img08.weeecdn.net\/item\/image\/032\/574\/382B96CE331035A.jpg!c560x560_q80.auto",
    "source_url":"https:\/\/www.sayweee.com\/en\/category\/seasoning08\/Soy-Sauce?page=1&offset=0&filters=%7B%22catalogue_num%22%3A%22seasoning08%22%7D&trigger_type=taxonomy_seasoning08&filter_sub_category=seasoning"
  },
  {
    "category":"sauce",
    "product_name":"Lee Kum Kee Less Sodium Soy Sauce 500 ml",
    "price":4.99,
    "unit_price":"$0.29\/fl.oz",
    "sales_count":800.0,
    "image_url":"https:\/\/img08.weeecdn.net\/description\/image\/436\/264\/6A9C466B72356E71.png!c560x560_q80.auto",
    "source_url":"https:\/\/www.sayweee.com\/en\/category\/seasoning08\/Soy-Sauce?page=1&offset=0&filters=%7B%22catalogue_num%22%3A%22seasoning08%22%7D&trigger_type=taxonomy_seasoning08&filter_sub_category=seasoning"
  },
  {
    "category":"sauce",
    "product_name":"Lee Kum Kee Seasoning Soy Sauce 16.9 oz",
    "price":2.29,
    "unit_price":"$0.13\/oz",
    "sales_count":null,
    "image_url":"https:\/\/img08.weeecdn.net\/product\/image\/413\/638\/46DBB600CD1A6BE.png!c560x560_q80.auto",
    "source_url":"https:\/\/www.sayweee.com\/en\/category\/seasoning08\/Soy-Sauce?page=1&offset=0&filters=%7B%22catalogue_num%22%3A%22seasoning08%22%7D&trigger_type=taxonomy_seasoning08&filter_sub_category=seasoning"
  },
  {
    "category":"sauce",
    "product_name":"Kikkoman Organic Soy Sauce 750 ml",
    "price":11.99,
    "unit_price":"$0.47\/fl.oz",
    "sales_count":1.0,
    "image_url":"https:\/\/img08.weeecdn.net\/product\/image\/077\/126\/24E04A0C1A61307B.png!c560x560_q80.auto",
    "source_url":"https:\/\/www.sayweee.com\/en\/category\/seasoning08\/Soy-Sauce?page=1&offset=0&filters=%7B%22catalogue_num%22%3A%22seasoning08%22%7D&trigger_type=taxonomy_seasoning08&filter_sub_category=seasoning"
  },
  {
    "category":"sauce",
    "product_name":"Haday Golden Label Light Soy Sauce 500 ml",
    "price":3.29,
    "unit_price":"$0.19\/fl.oz",
    "sales_count":null,
    "image_url":"https:\/\/img08.weeecdn.net\/item\/image\/074\/543\/1F2E02DCEB65BC64.jpg!c560x560_q80.auto",
    "source_url":"https:\/\/www.sayweee.com\/en\/category\/seasoning08\/Soy-Sauce?page=1&offset=0&filters=%7B%22catalogue_num%22%3A%22seasoning08%22%7D&trigger_type=taxonomy_seasoning08&filter_sub_category=seasoning"
  },
  {
    "category":"sauce",
    "product_name":"Kimlan Dark Soy Sauce 20 oz",
    "price":4.99,
    "unit_price":"$0.24\/oz",
    "sales_count":200.0,
    "image_url":"https:\/\/img08.weeecdn.net\/product\/image\/714\/198\/7257A770374E21F7.png!c560x560_q80.auto",
    "source_url":"https:\/\/www.sayweee.com\/en\/category\/seasoning08\/Soy-Sauce?page=1&offset=0&filters=%7B%22catalogue_num%22%3A%22seasoning08%22%7D&trigger_type=taxonomy_seasoning08&filter_sub_category=seasoning"
  },
  {
    "category":"sauce",
    "product_name":"Masan Tam Thai Tu Soy Sauce 650 ml",
    "price":2.79,
    "unit_price":"$0.12\/fl.oz",
    "sales_count":1.0,
    "image_url":"https:\/\/img08.weeecdn.net\/item\/image\/818\/122\/5D944AE3FD159061.jpg!c560x560_q80.auto",
    "source_url":"https:\/\/www.sayweee.com\/en\/category\/seasoning08\/Soy-Sauce?page=1&offset=0&filters=%7B%22catalogue_num%22%3A%22seasoning08%22%7D&trigger_type=taxonomy_seasoning08&filter_sub_category=seasoning"
  },
  {
    "category":"sauce",
    "product_name":"Silver Swan Special Soy Sauce 34 oz",
    "price":4.69,
    "unit_price":"$0.13\/oz",
    "sales_count":200.0,
    "image_url":"https:\/\/img08.weeecdn.net\/item\/image\/308\/220\/2F4399480F423673.jpg!c560x560_q80.auto",
    "source_url":"https:\/\/www.sayweee.com\/en\/category\/seasoning08\/Soy-Sauce?page=1&offset=0&filters=%7B%22catalogue_num%22%3A%22seasoning08%22%7D&trigger_type=taxonomy_seasoning08&filter_sub_category=seasoning"
  },
  {
    "category":"sauce",
    "product_name":"Chinsu Soy Sauce with Garlic and Chili 8.5 oz",
    "price":1.99,
    "unit_price":"$0.23\/oz",
    "sales_count":700.0,
    "image_url":"https:\/\/img08.weeecdn.net\/item\/image\/549\/892\/4F4CE70E2E6578DF.jpg!c560x560_q80.auto",
    "source_url":"https:\/\/www.sayweee.com\/en\/category\/seasoning08\/Soy-Sauce?page=1&offset=0&filters=%7B%22catalogue_num%22%3A%22seasoning08%22%7D&trigger_type=taxonomy_seasoning08&filter_sub_category=seasoning"
  },
  {
    "category":"sauce",
    "product_name":"Kikkoman Soy Sauce Less Sodium 20 fl.oz",
    "price":7.49,
    "unit_price":"$0.37\/fl.oz",
    "sales_count":50.0,
    "image_url":"https:\/\/img08.weeecdn.net\/product\/image\/561\/713\/75E305D5BFB79FC2.jpeg!c560x560_q80.auto",
    "source_url":"https:\/\/www.sayweee.com\/en\/category\/seasoning08\/Soy-Sauce?page=1&offset=0&filters=%7B%22catalogue_num%22%3A%22seasoning08%22%7D&trigger_type=taxonomy_seasoning08&filter_sub_category=seasoning"
  },
  {
    "category":"sauce",
    "product_name":"Sempio Korean Soy Sauce, Rich and Delicate 860 ml",
    "price":6.49,
    "unit_price":"$0.22\/fl.oz",
    "sales_count":400.0,
    "image_url":"https:\/\/img08.weeecdn.net\/product\/image\/579\/679\/2D7F16EE9447CB8.png!c560x560_q80.auto",
    "source_url":"https:\/\/www.sayweee.com\/en\/category\/seasoning08\/Soy-Sauce?page=1&offset=0&filters=%7B%22catalogue_num%22%3A%22seasoning08%22%7D&trigger_type=taxonomy_seasoning08&filter_sub_category=seasoning"
  },
  {
    "category":"sauce",
    "product_name":"LKK LESS SODIUM SOY SAUCE 64 fl.oz",
    "price":8.29,
    "unit_price":"$0.12\/fl.oz",
    "sales_count":100.0,
    "image_url":"https:\/\/img08.weeecdn.net\/product\/image\/514\/578\/2FF7B6C99AF0E260.jpeg!c560x560_q80.auto",
    "source_url":"https:\/\/www.sayweee.com\/en\/category\/seasoning08\/Soy-Sauce?page=1&offset=0&filters=%7B%22catalogue_num%22%3A%22seasoning08%22%7D&trigger_type=taxonomy_seasoning08&filter_sub_category=seasoning"
  },
  {
    "category":"sauce",
    "product_name":"Lee Kum Kee Supreme Authentic First Draw Sodium Reduced Soy Sauce 500 ml",
    "price":5.79,
    "unit_price":"$0.34\/fl.oz",
    "sales_count":200.0,
    "image_url":"https:\/\/img08.weeecdn.net\/product\/image\/982\/434\/79EB1169B79A14F9.png!c560x560_q80.auto",
    "source_url":"https:\/\/www.sayweee.com\/en\/category\/seasoning08\/Soy-Sauce?page=1&offset=0&filters=%7B%22catalogue_num%22%3A%22seasoning08%22%7D&trigger_type=taxonomy_seasoning08&filter_sub_category=seasoning"
  },
  {
    "category":"sauce",
    "product_name":"Knorr Chili Liquid Seasoning 8.45 fl.oz",
    "price":2.79,
    "unit_price":"$0.33\/fl.oz",
    "sales_count":300.0,
    "image_url":"https:\/\/img08.weeecdn.net\/product\/image\/444\/273\/1B96D350DAAAB1DA.png!c560x560_q80.auto",
    "source_url":"https:\/\/www.sayweee.com\/en\/category\/seasoning08\/Soy-Sauce?page=1&offset=0&filters=%7B%22catalogue_num%22%3A%22seasoning08%22%7D&trigger_type=taxonomy_seasoning08&filter_sub_category=seasoning"
  },
  {
    "category":"sauce",
    "product_name":"Datu Puti Soy Sauce 750 ml",
    "price":4.49,
    "unit_price":"$0.17\/fl.oz",
    "sales_count":50.0,
    "image_url":"https:\/\/img08.weeecdn.net\/item\/image\/340\/132\/2D73890FFC1ED7C0.jpg!c560x560_q80.auto",
    "source_url":"https:\/\/www.sayweee.com\/en\/category\/seasoning08\/Soy-Sauce?page=1&offset=0&filters=%7B%22catalogue_num%22%3A%22seasoning08%22%7D&trigger_type=taxonomy_seasoning08&filter_sub_category=seasoning"
  },
  {
    "category":"sauce",
    "product_name":"Silver Swan Soy Sauce and Vinegar, Value Pack 1000 ml",
    "price":6.99,
    "unit_price":"$0.20\/fl.oz",
    "sales_count":100.0,
    "image_url":"https:\/\/img08.weeecdn.net\/product\/image\/404\/249\/44F49553A3BD4561.png!c560x560_q80.auto",
    "source_url":"https:\/\/www.sayweee.com\/en\/category\/seasoning08\/Soy-Sauce?page=1&offset=0&filters=%7B%22catalogue_num%22%3A%22seasoning08%22%7D&trigger_type=taxonomy_seasoning08&filter_sub_category=seasoning"
  },
  {
    "category":"sauce",
    "product_name":"Kikkoman Soy Sauce Tamari Gluten Free 296 ml",
    "price":5.99,
    "unit_price":"$0.59\/fl.oz",
    "sales_count":null,
    "image_url":"https:\/\/img08.weeecdn.net\/product\/image\/505\/689\/5B956271EAFD5CE0.png!c560x560_q80.auto",
    "source_url":"https:\/\/www.sayweee.com\/en\/category\/seasoning08\/Soy-Sauce?page=1&offset=0&filters=%7B%22catalogue_num%22%3A%22seasoning08%22%7D&trigger_type=taxonomy_seasoning08&filter_sub_category=seasoning"
  },
  {
    "category":"sauce",
    "product_name":"Shinho Premium Soy Sauce 500 ml",
    "price":5.49,
    "unit_price":"$0.32\/fl.oz",
    "sales_count":200.0,
    "image_url":"https:\/\/img08.weeecdn.net\/item\/image\/458\/341\/155F40E3DEEF1177.jpg!c560x560_q80.auto",
    "source_url":"https:\/\/www.sayweee.com\/en\/category\/seasoning08\/Soy-Sauce?page=1&offset=0&filters=%7B%22catalogue_num%22%3A%22seasoning08%22%7D&trigger_type=taxonomy_seasoning08&filter_sub_category=seasoning"
  },
  {
    "category":"sauce",
    "product_name":"Wan Ja Shan Premium Aged Soy Sauce 33.8 oz",
    "price":7.29,
    "unit_price":"$0.21\/oz",
    "sales_count":200.0,
    "image_url":"https:\/\/img08.weeecdn.net\/item\/image\/925\/298\/1C3E3D89083D75AB.jpg!c560x560_q80.auto",
    "source_url":"https:\/\/www.sayweee.com\/en\/category\/seasoning08\/Soy-Sauce?page=1&offset=0&filters=%7B%22catalogue_num%22%3A%22seasoning08%22%7D&trigger_type=taxonomy_seasoning08&filter_sub_category=seasoning"
  },
  {
    "category":"sauce",
    "product_name":"Knorr Liquid Seasoning 1000 ml",
    "price":9.79,
    "unit_price":"$0.28\/fl.oz",
    "sales_count":200.0,
    "image_url":"https:\/\/img08.weeecdn.net\/product\/image\/176\/429\/49167D9D92F24010.png!c560x560_q80.auto",
    "source_url":"https:\/\/www.sayweee.com\/en\/category\/seasoning08\/Soy-Sauce?page=1&offset=0&filters=%7B%22catalogue_num%22%3A%22seasoning08%22%7D&trigger_type=taxonomy_seasoning08&filter_sub_category=seasoning"
  },
  {
    "category":"sauce",
    "product_name":"Mushroom Flavored Superior Dark Soy Sauce 500 ml",
    "price":4.49,
    "unit_price":"$0.26\/fl.oz",
    "sales_count":null,
    "image_url":"https:\/\/img08.weeecdn.net\/product\/image\/234\/323\/71C46E95BC4BBC0B.png!c560x560_q80.auto",
    "source_url":"https:\/\/www.sayweee.com\/en\/category\/seasoning08\/Soy-Sauce?page=1&offset=0&filters=%7B%22catalogue_num%22%3A%22seasoning08%22%7D&trigger_type=taxonomy_seasoning08&filter_sub_category=seasoning"
  },
  {
    "category":"sauce",
    "product_name":"Kikkoman Soy Sauce Fresh Smooth Aromatic 450 ml",
    "price":7.29,
    "unit_price":"$0.47\/fl.oz",
    "sales_count":null,
    "image_url":"https:\/\/img08.weeecdn.net\/product\/image\/762\/810\/7DECC260D1BB2648.png!c560x560_q80.auto",
    "source_url":"https:\/\/www.sayweee.com\/en\/category\/seasoning08\/Soy-Sauce?page=1&offset=0&filters=%7B%22catalogue_num%22%3A%22seasoning08%22%7D&trigger_type=taxonomy_seasoning08&filter_sub_category=seasoning"
  },
  {
    "category":"sauce",
    "product_name":"Haday Superior Light Soy Sauce 500 ml",
    "price":4.29,
    "unit_price":"$0.25\/fl.oz",
    "sales_count":50.0,
    "image_url":"https:\/\/img08.weeecdn.net\/product\/image\/449\/508\/4100304367924908.png!c560x560_q80.auto",
    "source_url":"https:\/\/www.sayweee.com\/en\/category\/seasoning08\/Soy-Sauce?page=1&offset=0&filters=%7B%22catalogue_num%22%3A%22seasoning08%22%7D&trigger_type=taxonomy_seasoning08&filter_sub_category=seasoning"
  },
  {
    "category":"sauce",
    "product_name":"Sempio Naturally Brewed Premium Soy Sauce 501 860 ml",
    "price":9.49,
    "unit_price":"$0.32\/fl.oz",
    "sales_count":100.0,
    "image_url":"https:\/\/img08.weeecdn.net\/product\/image\/045\/647\/2627B7316B321B7.png!c560x560_q80.auto",
    "source_url":"https:\/\/www.sayweee.com\/en\/category\/seasoning08\/Soy-Sauce?page=1&offset=0&filters=%7B%22catalogue_num%22%3A%22seasoning08%22%7D&trigger_type=taxonomy_seasoning08&filter_sub_category=seasoning"
  },
  {
    "category":"sauce",
    "product_name":"Lee Kum Kee Brown Cooking Soy Sauce 16.9 oz",
    "price":3.29,
    "unit_price":"$0.19\/oz",
    "sales_count":200.0,
    "image_url":"https:\/\/img08.weeecdn.net\/item\/image\/249\/351\/37BFEAF1D476B2A6.jpg!c560x560_q80.auto",
    "source_url":"https:\/\/www.sayweee.com\/en\/category\/seasoning08\/Soy-Sauce?page=1&offset=0&filters=%7B%22catalogue_num%22%3A%22seasoning08%22%7D&trigger_type=taxonomy_seasoning08&filter_sub_category=seasoning"
  },
  {
    "category":"sauce",
    "product_name":"Lee Kum Kee Sodium Reduced Seasoning Soy Sauce 16.9 g",
    "price":4.99,
    "unit_price":"$8.31\/oz",
    "sales_count":100.0,
    "image_url":"https:\/\/img08.weeecdn.net\/product\/image\/117\/833\/2EBBFE382C4A6578.png!c560x560_q80.auto",
    "source_url":"https:\/\/www.sayweee.com\/en\/category\/seasoning08\/Soy-Sauce?page=1&offset=0&filters=%7B%22catalogue_num%22%3A%22seasoning08%22%7D&trigger_type=taxonomy_seasoning08&filter_sub_category=seasoning"
  },
  {
    "category":"sauce",
    "product_name":"Haday Mushroom Soy Sauce 500 ml",
    "price":3.79,
    "unit_price":"$0.22\/fl.oz",
    "sales_count":100.0,
    "image_url":"https:\/\/img08.weeecdn.net\/product\/image\/903\/100\/1E6B5BC1E74A65AC.png!c560x560_q80.auto",
    "source_url":"https:\/\/www.sayweee.com\/en\/category\/seasoning08\/Soy-Sauce?page=1&offset=0&filters=%7B%22catalogue_num%22%3A%22seasoning08%22%7D&trigger_type=taxonomy_seasoning08&filter_sub_category=seasoning"
  },
  {
    "category":"sauce",
    "product_name":"Kimlan Soy Sauce Paste 20 fl.oz",
    "price":4.99,
    "unit_price":"$0.24\/fl.oz",
    "sales_count":200.0,
    "image_url":"https:\/\/img08.weeecdn.net\/item\/image\/913\/512\/454C97AEFADE90EE.jpg!c560x560_q80.auto",
    "source_url":"https:\/\/www.sayweee.com\/en\/category\/seasoning08\/Soy-Sauce?page=1&offset=0&filters=%7B%22catalogue_num%22%3A%22seasoning08%22%7D&trigger_type=taxonomy_seasoning08&filter_sub_category=seasoning"
  },
  {
    "category":"sauce",
    "product_name":"Datu Puti Toyomansi 25 oz",
    "price":4.29,
    "unit_price":"$0.17\/oz",
    "sales_count":50.0,
    "image_url":"https:\/\/img08.weeecdn.net\/item\/image\/848\/554\/544E1BCB20E225A2.jpg!c560x560_q80.auto",
    "source_url":"https:\/\/www.sayweee.com\/en\/category\/seasoning08\/Soy-Sauce?page=1&offset=0&filters=%7B%22catalogue_num%22%3A%22seasoning08%22%7D&trigger_type=taxonomy_seasoning08&filter_sub_category=seasoning"
  },
  {
    "category":"sauce",
    "product_name":"Shinho Premium Soy Sauce, Green 1000 ml",
    "price":10.99,
    "unit_price":"$0.32\/fl.oz",
    "sales_count":400.0,
    "image_url":"https:\/\/img08.weeecdn.net\/description\/image\/421\/439\/3994E4D77A104370.png!c560x560_q80.auto",
    "source_url":"https:\/\/www.sayweee.com\/en\/category\/seasoning08\/Soy-Sauce?page=1&offset=0&filters=%7B%22catalogue_num%22%3A%22seasoning08%22%7D&trigger_type=taxonomy_seasoning08&filter_sub_category=seasoning"
  },
  {
    "category":"sauce",
    "product_name":"Kikkoman Soy Sauce Less Sodium 1000 ml",
    "price":11.99,
    "unit_price":"$0.35\/fl.oz",
    "sales_count":null,
    "image_url":"https:\/\/img08.weeecdn.net\/product\/image\/329\/071\/5BB2066FA26EC3A.png!c560x560_q80.auto",
    "source_url":"https:\/\/www.sayweee.com\/en\/category\/seasoning08\/Soy-Sauce?page=1&offset=0&filters=%7B%22catalogue_num%22%3A%22seasoning08%22%7D&trigger_type=taxonomy_seasoning08&filter_sub_category=seasoning"
  },
  {
    "category":"sauce",
    "product_name":"Chung Jung One Low Sodium Seatangle Soy Sauce 840 ml",
    "price":8.99,
    "unit_price":"$0.31\/fl.oz",
    "sales_count":null,
    "image_url":"https:\/\/img08.weeecdn.net\/item\/image\/955\/782\/60FF1270D9D79A98.jpg!c560x560_q80.auto",
    "source_url":"https:\/\/www.sayweee.com\/en\/category\/seasoning08\/Soy-Sauce?page=1&offset=0&filters=%7B%22catalogue_num%22%3A%22seasoning08%22%7D&trigger_type=taxonomy_seasoning08&filter_sub_category=seasoning"
  },
  {
    "category":"sauce",
    "product_name":"Songxianxian Soy Sauce 580 g",
    "price":5.79,
    "unit_price":"$0.28\/oz",
    "sales_count":300.0,
    "image_url":"https:\/\/img08.weeecdn.net\/product\/image\/143\/552\/4C49250D46D4C71C.png!c560x560_q80.auto",
    "source_url":"https:\/\/www.sayweee.com\/en\/category\/seasoning08\/Soy-Sauce?page=1&offset=0&filters=%7B%22catalogue_num%22%3A%22seasoning08%22%7D&trigger_type=taxonomy_seasoning08&filter_sub_category=seasoning"
  },
  {
    "category":"sauce",
    "product_name":"Premium Haday Seasoned Soy Sauce 500 ml",
    "price":3.99,
    "unit_price":"$0.23\/fl.oz",
    "sales_count":300.0,
    "image_url":"https:\/\/img08.weeecdn.net\/product\/image\/258\/959\/26B3807EFB4AB4F3.png!c560x560_q80.auto",
    "source_url":"https:\/\/www.sayweee.com\/en\/category\/seasoning08\/Soy-Sauce?page=1&offset=0&filters=%7B%22catalogue_num%22%3A%22seasoning08%22%7D&trigger_type=taxonomy_seasoning08&filter_sub_category=seasoning"
  },
  {
    "category":"sauce",
    "product_name":"Kikkoman Soy Sauce 591 ml",
    "price":7.99,
    "unit_price":"$0.39\/fl.oz",
    "sales_count":50.0,
    "image_url":"https:\/\/img08.weeecdn.net\/item\/image\/136\/951\/25991A99D03D40D.jpg!c560x560_q80.auto",
    "source_url":"https:\/\/www.sayweee.com\/en\/category\/seasoning08\/Soy-Sauce?page=1&offset=0&filters=%7B%22catalogue_num%22%3A%22seasoning08%22%7D&trigger_type=taxonomy_seasoning08&filter_sub_category=seasoning"
  },
  {
    "category":"sauce",
    "product_name":"Yamasa Soy Sauce 1000 ml",
    "price":7.29,
    "unit_price":"$0.21\/fl.oz",
    "sales_count":null,
    "image_url":"https:\/\/img08.weeecdn.net\/product\/image\/049\/364\/39BF2D93AFDB7BDA.png!c560x560_q80.auto",
    "source_url":"https:\/\/www.sayweee.com\/en\/category\/seasoning08\/Soy-Sauce?page=1&offset=0&filters=%7B%22catalogue_num%22%3A%22seasoning08%22%7D&trigger_type=taxonomy_seasoning08&filter_sub_category=seasoning"
  },
  {
    "category":"sauce",
    "product_name":"Chung Jung One K Soy Sauce for Soup and Stew 840 ml",
    "price":8.49,
    "unit_price":"$0.29\/fl.oz",
    "sales_count":200.0,
    "image_url":"https:\/\/img08.weeecdn.net\/product\/image\/675\/690\/73DB0FB6B2B31DBE.png!c560x560_q80.auto",
    "source_url":"https:\/\/www.sayweee.com\/en\/category\/seasoning08\/Soy-Sauce?page=1&offset=0&filters=%7B%22catalogue_num%22%3A%22seasoning08%22%7D&trigger_type=taxonomy_seasoning08&filter_sub_category=seasoning"
  },
  {
    "category":"sauce",
    "product_name":"Yamasa Soy Sauce Less Salt 33.8 fl.oz",
    "price":9.49,
    "unit_price":"$0.28\/fl.oz",
    "sales_count":null,
    "image_url":"https:\/\/img08.weeecdn.net\/product\/image\/762\/458\/C59CDB7C55BBFAA.png!c560x560_q80.auto",
    "source_url":"https:\/\/www.sayweee.com\/en\/category\/seasoning08\/Soy-Sauce?page=1&offset=0&filters=%7B%22catalogue_num%22%3A%22seasoning08%22%7D&trigger_type=taxonomy_seasoning08&filter_sub_category=seasoning"
  },
  {
    "category":"sauce",
    "product_name":"Qianhe Zero Additive Soy Sauce 180 Days 500 ml",
    "price":5.99,
    "unit_price":"$0.35\/fl.oz",
    "sales_count":50.0,
    "image_url":"https:\/\/img08.weeecdn.net\/product\/image\/803\/025\/7B1AD83A5852E2DC.png!c560x560_q80.auto",
    "source_url":"https:\/\/www.sayweee.com\/en\/category\/seasoning08\/Soy-Sauce?page=1&offset=0&filters=%7B%22catalogue_num%22%3A%22seasoning08%22%7D&trigger_type=taxonomy_seasoning08&filter_sub_category=seasoning"
  },
  {
    "category":"sauce",
    "product_name":"Yamasa Sashimi Soy Sauce 200 ml",
    "price":4.99,
    "unit_price":"$0.73\/fl.oz",
    "sales_count":null,
    "image_url":"https:\/\/img08.weeecdn.net\/product\/image\/712\/518\/754075383F3172D7.png!c560x560_q80.auto",
    "source_url":"https:\/\/www.sayweee.com\/en\/category\/seasoning08\/Soy-Sauce?page=1&offset=0&filters=%7B%22catalogue_num%22%3A%22seasoning08%22%7D&trigger_type=taxonomy_seasoning08&filter_sub_category=seasoning"
  },
  {
    "category":"sauce",
    "product_name":"ODS Naturally Brewed All-Purpose Soy Sauce 550 ml",
    "price":21.99,
    "unit_price":"$1.18\/fl.oz",
    "sales_count":50.0,
    "image_url":"https:\/\/img08.weeecdn.net\/item\/image\/111\/745\/1CE98759E80443A6.jpg!c560x560_q80.auto",
    "source_url":"https:\/\/www.sayweee.com\/en\/category\/seasoning08\/Soy-Sauce?page=1&offset=0&filters=%7B%22catalogue_num%22%3A%22seasoning08%22%7D&trigger_type=taxonomy_seasoning08&filter_sub_category=seasoning"
  },
  {
    "category":"sauce",
    "product_name":"Lee Kum Kee Brown Braising Sauce 14 oz",
    "price":3.79,
    "unit_price":"$0.27\/oz",
    "sales_count":100.0,
    "image_url":"https:\/\/img08.weeecdn.net\/item\/image\/008\/852\/7CA7746FEA52C95A.jpg!c560x560_q80.auto",
    "source_url":"https:\/\/www.sayweee.com\/en\/category\/seasoning08\/Soy-Sauce?page=1&offset=0&filters=%7B%22catalogue_num%22%3A%22seasoning08%22%7D&trigger_type=taxonomy_seasoning08&filter_sub_category=seasoning"
  },
  {
    "category":"sauce",
    "product_name":"Haday Tasty Seafood Flavored Soy Sauce 500 ml",
    "price":4.29,
    "unit_price":"$0.25\/fl.oz",
    "sales_count":200.0,
    "image_url":"https:\/\/img08.weeecdn.net\/item\/image\/835\/788\/261A96D6EB84A3F.jpg!c560x560_q80.auto",
    "source_url":"https:\/\/www.sayweee.com\/en\/category\/seasoning08\/Soy-Sauce?page=1&offset=0&filters=%7B%22catalogue_num%22%3A%22seasoning08%22%7D&trigger_type=taxonomy_seasoning08&filter_sub_category=seasoning"
  },
  {
    "category":"sauce",
    "product_name":"Kikkoman Soy Sauce for Sushi&Sashimi 10 oz",
    "price":6.79,
    "unit_price":"$0.67\/oz",
    "sales_count":null,
    "image_url":"https:\/\/img08.weeecdn.net\/product\/image\/560\/321\/7B327F639A315B5C.jpeg!c560x560_q80.auto",
    "source_url":"https:\/\/www.sayweee.com\/en\/category\/seasoning08\/Soy-Sauce?page=1&offset=0&filters=%7B%22catalogue_num%22%3A%22seasoning08%22%7D&trigger_type=taxonomy_seasoning08&filter_sub_category=seasoning"
  },
  {
    "category":"sauce",
    "product_name":"Megachef Premium Dark Soy Sauce 500 ml",
    "price":5.79,
    "unit_price":"$0.34\/fl.oz",
    "sales_count":null,
    "image_url":"https:\/\/img08.weeecdn.net\/product\/image\/213\/742\/5A908F8D489C3B6.png!c560x560_q80.auto",
    "source_url":"https:\/\/www.sayweee.com\/en\/category\/seasoning08\/Soy-Sauce?page=1&offset=0&filters=%7B%22catalogue_num%22%3A%22seasoning08%22%7D&trigger_type=taxonomy_seasoning08&filter_sub_category=seasoning"
  },
  {
    "category":"sauce",
    "product_name":"Kikkoman Soy Sauce Smooth Aromatic 6.8 oz",
    "price":4.49,
    "unit_price":"$0.66\/oz",
    "sales_count":50.0,
    "image_url":"https:\/\/img08.weeecdn.net\/item\/image\/322\/289\/17BD766CC093D8E5.jpg!c560x560_q80.auto",
    "source_url":"https:\/\/www.sayweee.com\/en\/category\/seasoning08\/Soy-Sauce?page=1&offset=0&filters=%7B%22catalogue_num%22%3A%22seasoning08%22%7D&trigger_type=taxonomy_seasoning08&filter_sub_category=seasoning"
  },
  {
    "category":"sauce",
    "product_name":"Shinho Soy Sauce for Shanghai Braised Dishes 500 ml",
    "price":5.49,
    "unit_price":"$0.32\/fl.oz",
    "sales_count":null,
    "image_url":"https:\/\/img08.weeecdn.net\/item\/image\/378\/474\/37FFD9CD1BA635D6.jpg!c560x560_q80.auto",
    "source_url":"https:\/\/www.sayweee.com\/en\/category\/seasoning08\/Soy-Sauce?page=1&offset=0&filters=%7B%22catalogue_num%22%3A%22seasoning08%22%7D&trigger_type=taxonomy_seasoning08&filter_sub_category=seasoning"
  },
  {
    "category":"sauce",
    "product_name":"Kikkoman Foods  Delicious Kelp Soy Sauce 450 ml",
    "price":10.88,
    "unit_price":"nan",
    "sales_count":null,
    "image_url":"https:\/\/img08.weeecdn.net\/item\/image\/479\/614\/D4C61FED15E900D.jpeg!c560x560_q80.auto",
    "source_url":"https:\/\/www.sayweee.com\/en\/category\/seasoning08\/Soy-Sauce?page=1&offset=0&filters=%7B%22catalogue_num%22%3A%22seasoning08%22%7D&trigger_type=taxonomy_seasoning08&filter_sub_category=seasoning"
  },
  {
    "category":"sauce",
    "product_name":"Cholimex Natural Soy Sauce 10.14 oz",
    "price":2.49,
    "unit_price":"$0.24\/oz",
    "sales_count":50.0,
    "image_url":"https:\/\/img08.weeecdn.net\/product\/image\/165\/417\/3C53CD8B126DBE09.png!c560x560_q80.auto",
    "source_url":"https:\/\/www.sayweee.com\/en\/category\/seasoning08\/Soy-Sauce?page=1&offset=0&filters=%7B%22catalogue_num%22%3A%22seasoning08%22%7D&trigger_type=taxonomy_seasoning08&filter_sub_category=seasoning"
  },
  {
    "category":"sauce",
    "product_name":"Kikkoman Soy Sauce Tamari 296 ml",
    "price":5.49,
    "unit_price":"$0.54\/fl.oz",
    "sales_count":null,
    "image_url":"https:\/\/img08.weeecdn.net\/product\/image\/451\/987\/647C70A99969231D.png!c560x560_q80.auto",
    "source_url":"https:\/\/www.sayweee.com\/en\/category\/seasoning08\/Soy-Sauce?page=1&offset=0&filters=%7B%22catalogue_num%22%3A%22seasoning08%22%7D&trigger_type=taxonomy_seasoning08&filter_sub_category=seasoning"
  },
  {
    "category":"sauce",
    "product_name":"Soy Sauce - Red, 1L",
    "price":9.79,
    "unit_price":"nan",
    "sales_count":100.0,
    "image_url":"https:\/\/img08.weeecdn.net\/product\/image\/628\/344\/632E9A4E62604CFB.png!c560x560_q80.auto",
    "source_url":"https:\/\/www.sayweee.com\/en\/category\/seasoning08\/Soy-Sauce?page=1&offset=0&filters=%7B%22catalogue_num%22%3A%22seasoning08%22%7D&trigger_type=taxonomy_seasoning08&filter_sub_category=seasoning"
  },
  {
    "category":"sauce",
    "product_name":"DYB Golden Smile Naturally Brewed Soy Sauce 500 ml",
    "price":24.99,
    "unit_price":"$1.47\/fl.oz",
    "sales_count":null,
    "image_url":"https:\/\/img08.weeecdn.net\/item\/image\/752\/421\/1B7B003421E6E474.jpg!c560x560_q80.auto",
    "source_url":"https:\/\/www.sayweee.com\/en\/category\/seasoning08\/Soy-Sauce?page=1&offset=0&filters=%7B%22catalogue_num%22%3A%22seasoning08%22%7D&trigger_type=taxonomy_seasoning08&filter_sub_category=seasoning"
  },
  {
    "category":"sauce",
    "product_name":"Vegan Taiwan Leezen Organic Oyster Sauce 1 bottle",
    "price":18.0,
    "unit_price":"nan",
    "sales_count":null,
    "image_url":"https:\/\/img08.weeecdn.net\/item\/image\/549\/228\/588FCCE3DCEF3E93.jpeg!c560x560_q80.auto",
    "source_url":"https:\/\/www.sayweee.com\/en\/category\/seasoning08\/Soy-Sauce?page=1&offset=0&filters=%7B%22catalogue_num%22%3A%22seasoning08%22%7D&trigger_type=taxonomy_seasoning08&filter_sub_category=seasoning"
  },
  {
    "category":"sauce",
    "product_name":"Kikkoman Always Fresh Oyster Dashi Soy Sauce 450 ml",
    "price":10.88,
    "unit_price":"nan",
    "sales_count":null,
    "image_url":"https:\/\/img08.weeecdn.net\/item\/image\/581\/863\/59446040E958568A.jpeg!c560x560_q80.auto",
    "source_url":"https:\/\/www.sayweee.com\/en\/category\/seasoning08\/Soy-Sauce?page=1&offset=0&filters=%7B%22catalogue_num%22%3A%22seasoning08%22%7D&trigger_type=taxonomy_seasoning08&filter_sub_category=seasoning"
  },
  {
    "category":"sauce",
    "product_name":"MONGGO Spicy Soy Sauce Mild 11.64 oz",
    "price":4.49,
    "unit_price":"$0.38\/oz",
    "sales_count":null,
    "image_url":"https:\/\/img08.weeecdn.net\/product\/image\/393\/320\/1C78570A5FD5FD11.png!c560x560_q80.auto",
    "source_url":"https:\/\/www.sayweee.com\/en\/category\/seasoning08\/Soy-Sauce?page=1&offset=0&filters=%7B%22catalogue_num%22%3A%22seasoning08%22%7D&trigger_type=taxonomy_seasoning08&filter_sub_category=seasoning"
  },
  {
    "category":"sauce",
    "product_name":"Joy Spring Organic Pure Wheat Soy Sauce 1 each",
    "price":15.99,
    "unit_price":"nan",
    "sales_count":null,
    "image_url":"https:\/\/img08.weeecdn.net\/item\/image\/616\/800\/C145CDE46A34B99.jpeg!c560x560_q80.auto",
    "source_url":"https:\/\/www.sayweee.com\/en\/category\/seasoning08\/Soy-Sauce?page=1&offset=0&filters=%7B%22catalogue_num%22%3A%22seasoning08%22%7D&trigger_type=taxonomy_seasoning08&filter_sub_category=seasoning"
  },
  {
    "category":"sauce",
    "product_name":"Golden Mountain Seasoning Sauce 20 oz 1 each",
    "price":4.79,
    "unit_price":"nan",
    "sales_count":null,
    "image_url":"https:\/\/img08.weeecdn.net\/item\/image\/940\/153\/F27B4A248D9547C.png!c560x560_q80.auto",
    "source_url":"https:\/\/www.sayweee.com\/en\/category\/seasoning08\/Soy-Sauce?page=1&offset=0&filters=%7B%22catalogue_num%22%3A%22seasoning08%22%7D&trigger_type=taxonomy_seasoning08&filter_sub_category=seasoning"
  },
  {
    "category":"sauce",
    "product_name":"Nam Duong Premium Soy Sauce 16.9 oz",
    "price":2.51,
    "unit_price":"$0.14\/oz",
    "sales_count":null,
    "image_url":"https:\/\/img08.weeecdn.net\/item\/image\/522\/585\/50D41A6660285154.png.jpeg!c560x560_q80.auto",
    "source_url":"https:\/\/www.sayweee.com\/en\/category\/seasoning08\/Soy-Sauce?page=1&offset=0&filters=%7B%22catalogue_num%22%3A%22seasoning08%22%7D&trigger_type=taxonomy_seasoning08&filter_sub_category=seasoning"
  },
  {
    "category":"sauce",
    "product_name":"DYB Golden Black Naturally Brewed Soy Sauce 500 ml",
    "price":22.0,
    "unit_price":"$0.04\/ml",
    "sales_count":null,
    "image_url":"https:\/\/img08.weeecdn.net\/item\/image\/106\/773\/5150ED7622EDD284.png!c560x560_q80.auto",
    "source_url":"https:\/\/www.sayweee.com\/en\/category\/seasoning08\/Soy-Sauce?page=1&offset=0&filters=%7B%22catalogue_num%22%3A%22seasoning08%22%7D&trigger_type=taxonomy_seasoning08&filter_sub_category=seasoning"
  },
  {
    "category":"sauce",
    "product_name":"Knorr Liquid Seasoning Original Soy Sauce 8.45 fl.oz",
    "price":3.59,
    "unit_price":"$0.42\/fl.oz",
    "sales_count":null,
    "image_url":"https:\/\/img08.weeecdn.net\/item\/image\/250\/214\/5687C1ADD3C6CA05.png.jpeg!c560x560_q80.auto",
    "source_url":"https:\/\/www.sayweee.com\/en\/category\/seasoning08\/Soy-Sauce?page=1&offset=0&filters=%7B%22catalogue_num%22%3A%22seasoning08%22%7D&trigger_type=taxonomy_seasoning08&filter_sub_category=seasoning"
  },
  {
    "category":"sauce",
    "product_name":"DYB  Soy Sauce\/Black Bean 500 ml",
    "price":22.0,
    "unit_price":"$0.04\/ml",
    "sales_count":null,
    "image_url":"https:\/\/img08.weeecdn.net\/item\/image\/812\/453\/426F578150B1BECD.png!c560x560_q80.auto",
    "source_url":"https:\/\/www.sayweee.com\/en\/category\/seasoning08\/Soy-Sauce?page=1&offset=0&filters=%7B%22catalogue_num%22%3A%22seasoning08%22%7D&trigger_type=taxonomy_seasoning08&filter_sub_category=seasoning"
  },
  {
    "category":"sauce",
    "product_name":"[Tam Thai Tu] Thick Soy Sauce Dipping 22.88oz 1 count",
    "price":6.99,
    "unit_price":"nan",
    "sales_count":null,
    "image_url":"https:\/\/img08.weeecdn.net\/item\/image\/573\/832\/4C60061D66F95443.png.jpeg!c560x560_q80.auto",
    "source_url":"https:\/\/www.sayweee.com\/en\/category\/seasoning08\/Soy-Sauce?page=1&offset=0&filters=%7B%22catalogue_num%22%3A%22seasoning08%22%7D&trigger_type=taxonomy_seasoning08&filter_sub_category=seasoning"
  },
  {
    "category":"sauce",
    "product_name":"Golden Ponzu Soy Sauce 200ml 200 ml",
    "price":22.99,
    "unit_price":"$0.11\/ml",
    "sales_count":null,
    "image_url":"https:\/\/img08.weeecdn.net\/item\/image\/860\/631\/520664F6B2610818.png!c560x560_q80.auto",
    "source_url":"https:\/\/www.sayweee.com\/en\/category\/seasoning08\/Soy-Sauce?page=1&offset=0&filters=%7B%22catalogue_num%22%3A%22seasoning08%22%7D&trigger_type=taxonomy_seasoning08&filter_sub_category=seasoning"
  },
  {
    "category":"sauce",
    "product_name":"Kikkoman Soy Sauce Whole Bean in Squeeze Bottle 450 ml",
    "price":7.49,
    "unit_price":"$0.49\/fl.oz",
    "sales_count":null,
    "image_url":"https:\/\/img08.weeecdn.net\/product\/image\/424\/652\/37298D780032EAC7.png!c560x560_q80.auto",
    "source_url":"https:\/\/www.sayweee.com\/en\/category\/seasoning08\/Soy-Sauce?page=1&offset=0&filters=%7B%22catalogue_num%22%3A%22seasoning08%22%7D&trigger_type=taxonomy_seasoning08&filter_sub_category=seasoning"
  },
  {
    "category":"sauce",
    "product_name":"Kelp Org. Soy Sauce 1 each",
    "price":17.99,
    "unit_price":"nan",
    "sales_count":null,
    "image_url":"https:\/\/img08.weeecdn.net\/item\/image\/759\/673\/36D668F939EBF994.jpeg!c560x560_q80.auto",
    "source_url":"https:\/\/www.sayweee.com\/en\/category\/seasoning08\/Soy-Sauce?page=1&offset=0&filters=%7B%22catalogue_num%22%3A%22seasoning08%22%7D&trigger_type=taxonomy_seasoning08&filter_sub_category=seasoning"
  },
  {
    "category":"sauce",
    "product_name":"Marca Pina Soy Sauce 33.8 oz",
    "price":5.79,
    "unit_price":"$0.17\/oz",
    "sales_count":null,
    "image_url":"https:\/\/img08.weeecdn.net\/item\/image\/677\/994\/641A8379BE47E19E.jpg!c560x560_q80.auto",
    "source_url":"https:\/\/www.sayweee.com\/en\/category\/seasoning08\/Soy-Sauce?page=1&offset=0&filters=%7B%22catalogue_num%22%3A%22seasoning08%22%7D&trigger_type=taxonomy_seasoning08&filter_sub_category=seasoning"
  },
  {
    "category":"sauce",
    "product_name":"YangMingYu Braised Chicken Sauce 120g*2 bags 1 each",
    "price":8.89,
    "unit_price":"nan",
    "sales_count":null,
    "image_url":"https:\/\/img08.weeecdn.net\/item\/image\/604\/544\/3736CCFC67A83D60.jpeg!c560x560_q80.auto",
    "source_url":"https:\/\/www.sayweee.com\/en\/category\/seasoning08\/Soy-Sauce?page=1&offset=0&filters=%7B%22catalogue_num%22%3A%22seasoning08%22%7D&trigger_type=taxonomy_seasoning08&filter_sub_category=seasoning"
  },
  {
    "category":"sauce",
    "product_name":"DYB Artisan Lite Naturally Brewed Soy Sauce 500 ml",
    "price":20.5,
    "unit_price":"$0.04\/ml",
    "sales_count":null,
    "image_url":"https:\/\/img08.weeecdn.net\/item\/image\/857\/861\/4C1D5CE94F71706B.png!c560x560_q80.auto",
    "source_url":"https:\/\/www.sayweee.com\/en\/category\/seasoning08\/Soy-Sauce?page=1&offset=0&filters=%7B%22catalogue_num%22%3A%22seasoning08%22%7D&trigger_type=taxonomy_seasoning08&filter_sub_category=seasoning"
  },
  {
    "category":"sauce",
    "product_name":"Shinho Liuyuexian  Braised Soy Sauce 500 ml",
    "price":5.21,
    "unit_price":"nan",
    "sales_count":null,
    "image_url":"https:\/\/img08.weeecdn.net\/item\/image\/469\/526\/FC04E0C75BA785E.jpeg!c560x560_q80.auto",
    "source_url":"https:\/\/www.sayweee.com\/en\/category\/seasoning08\/Soy-Sauce?page=1&offset=0&filters=%7B%22catalogue_num%22%3A%22seasoning08%22%7D&trigger_type=taxonomy_seasoning08&filter_sub_category=seasoning"
  },
  {
    "category":"sauce",
    "product_name":"Ching's Secret Dark Soy Sauce, 7 oz bottle 7 oz",
    "price":3.29,
    "unit_price":"$0.47\/oz",
    "sales_count":null,
    "image_url":"https:\/\/img08.weeecdn.net\/item\/image\/914\/766\/424D3855FE476C19.jpeg!c560x560_q80.auto",
    "source_url":"https:\/\/www.sayweee.com\/en\/category\/seasoning08\/Soy-Sauce?page=1&offset=0&filters=%7B%22catalogue_num%22%3A%22seasoning08%22%7D&trigger_type=taxonomy_seasoning08&filter_sub_category=seasoning"
  },
  {
    "category":"sauce",
    "product_name":"Knorr Liquid Seasoning Sauce 8.50 fl oz 1 each",
    "price":3.14,
    "unit_price":"nan",
    "sales_count":null,
    "image_url":"https:\/\/img08.weeecdn.net\/item\/image\/431\/504\/137495278ED32FBB.png!c560x560_q80.auto",
    "source_url":"https:\/\/www.sayweee.com\/en\/category\/seasoning08\/Soy-Sauce?page=1&offset=0&filters=%7B%22catalogue_num%22%3A%22seasoning08%22%7D&trigger_type=taxonomy_seasoning08&filter_sub_category=seasoning"
  },
  {
    "category":"sauce",
    "product_name":"DYB Naturally Brewed Brown Soybean Soy Sauce 500 ml",
    "price":26.5,
    "unit_price":"$0.05\/ml",
    "sales_count":null,
    "image_url":"https:\/\/img08.weeecdn.net\/item\/image\/042\/450\/2E581EA3E5DADE3F.jpeg!c560x560_q80.auto",
    "source_url":"https:\/\/www.sayweee.com\/en\/category\/seasoning08\/Soy-Sauce?page=1&offset=0&filters=%7B%22catalogue_num%22%3A%22seasoning08%22%7D&trigger_type=taxonomy_seasoning08&filter_sub_category=seasoning"
  },
  {
    "category":"sauce",
    "product_name":"SHINHO Liuyuexian Premium Soy Sauce 500 ml",
    "price":5.21,
    "unit_price":"nan",
    "sales_count":null,
    "image_url":"https:\/\/img08.weeecdn.net\/item\/image\/413\/913\/41F345E7229C6DF0.jpeg!c560x560_q80.auto",
    "source_url":"https:\/\/www.sayweee.com\/en\/category\/seasoning08\/Soy-Sauce?page=1&offset=0&filters=%7B%22catalogue_num%22%3A%22seasoning08%22%7D&trigger_type=taxonomy_seasoning08&filter_sub_category=seasoning"
  },
  {
    "category":"sauce",
    "product_name":"Mushroom Vegetarian Oyster Sauce 300 ml",
    "price":10.5,
    "unit_price":"$0.03\/ml",
    "sales_count":null,
    "image_url":"https:\/\/img08.weeecdn.net\/item\/image\/520\/526\/177D9390E8451B9E.png!c560x560_q80.auto",
    "source_url":"https:\/\/www.sayweee.com\/en\/category\/seasoning08\/Soy-Sauce?page=1&offset=0&filters=%7B%22catalogue_num%22%3A%22seasoning08%22%7D&trigger_type=taxonomy_seasoning08&filter_sub_category=seasoning"
  },
  {
    "category":"sauce",
    "product_name":"Oyster Sauce (Pure Oyster & Salt) 120ml 2-Pack 120 g",
    "price":54.99,
    "unit_price":"$0.45\/g",
    "sales_count":null,
    "image_url":"https:\/\/img08.weeecdn.net\/item\/image\/221\/290\/7A1C4334AF4A0A06.jpeg!c560x560_q80.auto",
    "source_url":"https:\/\/www.sayweee.com\/en\/category\/seasoning08\/Soy-Sauce?page=1&offset=0&filters=%7B%22catalogue_num%22%3A%22seasoning08%22%7D&trigger_type=taxonomy_seasoning08&filter_sub_category=seasoning"
  },
  {
    "category":"sauce",
    "product_name":"Phoenix-ball mark: spicy fresh dew, cold sauce 460 g",
    "price":28.8,
    "unit_price":"$0.06\/g",
    "sales_count":null,
    "image_url":"https:\/\/img08.weeecdn.net\/item\/image\/485\/624\/795D8B646C2B41B8.webp!c560x560_q80.auto",
    "source_url":"https:\/\/www.sayweee.com\/en\/category\/seasoning08\/Soy-Sauce?page=1&offset=0&filters=%7B%22catalogue_num%22%3A%22seasoning08%22%7D&trigger_type=taxonomy_seasoning08&filter_sub_category=seasoning"
  },
  {
    "category":"sauce",
    "product_name":"Sukiyaki Soy Aauce Seasoning Sauce 330 ml",
    "price":8.99,
    "unit_price":"nan",
    "sales_count":null,
    "image_url":"https:\/\/img08.weeecdn.net\/item\/image\/406\/655\/3F34B50111395171.jpeg!c560x560_q80.auto",
    "source_url":"https:\/\/www.sayweee.com\/en\/category\/seasoning08\/Soy-Sauce?page=1&offset=0&filters=%7B%22catalogue_num%22%3A%22seasoning08%22%7D&trigger_type=taxonomy_seasoning08&filter_sub_category=seasoning"
  },
  {
    "category":"sauce",
    "product_name":"Maggi European Seasoning Sauce 200ml 1 each",
    "price":9.09,
    "unit_price":"nan",
    "sales_count":null,
    "image_url":"https:\/\/img08.weeecdn.net\/item\/image\/025\/659\/5A248EBDD9683236.png.jpeg!c560x560_q80.auto",
    "source_url":"https:\/\/www.sayweee.com\/en\/category\/seasoning08\/Soy-Sauce?page=1&offset=0&filters=%7B%22catalogue_num%22%3A%22seasoning08%22%7D&trigger_type=taxonomy_seasoning08&filter_sub_category=seasoning"
  },
  {
    "category":"sauce",
    "product_name":"Teraokake Egg Dish Soy Sauce Nori Flavoe 150 ml",
    "price":6.5,
    "unit_price":"$0.04\/ml",
    "sales_count":null,
    "image_url":"https:\/\/img08.weeecdn.net\/item\/image\/532\/557\/2254277D33A72804.png.jpeg!c560x560_q80.auto",
    "source_url":"https:\/\/www.sayweee.com\/en\/category\/seasoning08\/Soy-Sauce?page=1&offset=0&filters=%7B%22catalogue_num%22%3A%22seasoning08%22%7D&trigger_type=taxonomy_seasoning08&filter_sub_category=seasoning"
  },
  {
    "category":"sauce",
    "product_name":"HOKKAIDO JAPAN FUKUYAMA HIDAKA FOODS BABY SHOYU 100 ml",
    "price":7.8,
    "unit_price":"$0.07\/ml",
    "sales_count":null,
    "image_url":"https:\/\/img08.weeecdn.net\/item\/image\/988\/243\/6384518E9507008.jpeg!c560x560_q80.auto",
    "source_url":"https:\/\/www.sayweee.com\/en\/category\/seasoning08\/Soy-Sauce?page=1&offset=0&filters=%7B%22catalogue_num%22%3A%22seasoning08%22%7D&trigger_type=taxonomy_seasoning08&filter_sub_category=seasoning"
  },
  {
    "category":"sauce",
    "product_name":"KIKKOMAN 25% Cut Back On Salt Hokkaido Kombu Soy Sauce 200 ml",
    "price":8.99,
    "unit_price":"$0.04\/ml",
    "sales_count":null,
    "image_url":"https:\/\/img08.weeecdn.net\/item\/image\/457\/227\/554839A398D2AC3B.jpeg!c560x560_q80.auto",
    "source_url":"https:\/\/www.sayweee.com\/en\/category\/seasoning08\/Soy-Sauce?page=1&offset=0&filters=%7B%22catalogue_num%22%3A%22seasoning08%22%7D&trigger_type=taxonomy_seasoning08&filter_sub_category=seasoning"
  },
  {
    "category":"sauce",
    "product_name":"China Live House Soy Sauce Non-Gluten 250 ml",
    "price":11.95,
    "unit_price":"$0.04\/ml",
    "sales_count":null,
    "image_url":"https:\/\/img08.weeecdn.net\/item\/image\/228\/278\/258FDC6275054B9E.jpeg!c560x560_q80.auto",
    "source_url":"https:\/\/www.sayweee.com\/en\/category\/seasoning08\/Soy-Sauce?page=1&offset=0&filters=%7B%22catalogue_num%22%3A%22seasoning08%22%7D&trigger_type=taxonomy_seasoning08&filter_sub_category=seasoning"
  },
  {
    "category":"sauce",
    "product_name":"ODS Naturally Brewed All-purpose Soy Sauce 550 ml",
    "price":22.0,
    "unit_price":"$0.04\/ml",
    "sales_count":null,
    "image_url":"https:\/\/img08.weeecdn.net\/item\/image\/000\/670\/E3C961434ED7665.webp!c560x560_q80.auto",
    "source_url":"https:\/\/www.sayweee.com\/en\/category\/seasoning08\/Soy-Sauce?page=1&offset=0&filters=%7B%22catalogue_num%22%3A%22seasoning08%22%7D&trigger_type=taxonomy_seasoning08&filter_sub_category=seasoning"
  },
  {
    "category":"sauce",
    "product_name":"HIGETA Honzen Specially selected soy sauce 200 ml",
    "price":8.99,
    "unit_price":"$0.04\/ml",
    "sales_count":null,
    "image_url":"https:\/\/img08.weeecdn.net\/item\/image\/716\/856\/25B991A5842C5F22.jpeg!c560x560_q80.auto",
    "source_url":"https:\/\/www.sayweee.com\/en\/category\/seasoning08\/Soy-Sauce?page=1&offset=0&filters=%7B%22catalogue_num%22%3A%22seasoning08%22%7D&trigger_type=taxonomy_seasoning08&filter_sub_category=seasoning"
  },
  {
    "category":"sauce",
    "product_name":"MARUNAKA'S SOY SAUCE 150 ml",
    "price":23.4,
    "unit_price":"$0.15\/ml",
    "sales_count":null,
    "image_url":"https:\/\/img08.weeecdn.net\/item\/image\/470\/713\/3453A9E523147166.png!c560x560_q80.auto",
    "source_url":"https:\/\/www.sayweee.com\/en\/category\/seasoning08\/Soy-Sauce?page=1&offset=0&filters=%7B%22catalogue_num%22%3A%22seasoning08%22%7D&trigger_type=taxonomy_seasoning08&filter_sub_category=seasoning"
  },
  {
    "category":"sauce",
    "product_name":"WASANBON SWEET SOY SAUCE 100 ml",
    "price":19.8,
    "unit_price":"$0.19\/ml",
    "sales_count":null,
    "image_url":"https:\/\/img08.weeecdn.net\/item\/image\/837\/115\/18551AE1F1452C14.jpeg!c560x560_q80.auto",
    "source_url":"https:\/\/www.sayweee.com\/en\/category\/seasoning08\/Soy-Sauce?page=1&offset=0&filters=%7B%22catalogue_num%22%3A%22seasoning08%22%7D&trigger_type=taxonomy_seasoning08&filter_sub_category=seasoning"
  },
  {
    "category":"sauce",
    "product_name":"YUZU PONZU 300 ml",
    "price":15.6,
    "unit_price":"$0.05\/ml",
    "sales_count":null,
    "image_url":"https:\/\/img08.weeecdn.net\/item\/image\/071\/839\/5269BF20E34ECFD.jpeg!c560x560_q80.auto",
    "source_url":"https:\/\/www.sayweee.com\/en\/category\/seasoning08\/Soy-Sauce?page=1&offset=0&filters=%7B%22catalogue_num%22%3A%22seasoning08%22%7D&trigger_type=taxonomy_seasoning08&filter_sub_category=seasoning"
  },
  {
    "category":"sauce",
    "product_name":"MARUNAKA’S SOY SAUCE (300ml) 300 ml",
    "price":36.0,
    "unit_price":"$0.12\/ml",
    "sales_count":null,
    "image_url":"https:\/\/img08.weeecdn.net\/item\/image\/470\/713\/5535A7B2D260E666.png!c560x560_q80.auto",
    "source_url":"https:\/\/www.sayweee.com\/en\/category\/seasoning08\/Soy-Sauce?page=1&offset=0&filters=%7B%22catalogue_num%22%3A%22seasoning08%22%7D&trigger_type=taxonomy_seasoning08&filter_sub_category=seasoning"
  },
  {
    "category":"sauce",
    "product_name":"Taiwan Pingtung Tech University Lower Sodium Soy Sauce 710 ml",
    "price":26.55,
    "unit_price":"$0.03\/ml",
    "sales_count":null,
    "image_url":"https:\/\/img08.weeecdn.net\/item\/image\/068\/563\/29A54F015F08700.jpeg!c560x560_q80.auto",
    "source_url":"https:\/\/www.sayweee.com\/en\/category\/seasoning08\/Soy-Sauce?page=1&offset=0&filters=%7B%22catalogue_num%22%3A%22seasoning08%22%7D&trigger_type=taxonomy_seasoning08&filter_sub_category=seasoning"
  },
  {
    "category":"sauce",
    "product_name":"Taiwan Pingtung Tech University Lower Sodium Thick Soy Sauce 560 g",
    "price":26.55,
    "unit_price":"$0.04\/g",
    "sales_count":null,
    "image_url":"https:\/\/img08.weeecdn.net\/item\/image\/105\/392\/7B0A7A84EB3E37A.jpeg!c560x560_q80.auto",
    "source_url":"https:\/\/www.sayweee.com\/en\/category\/seasoning08\/Soy-Sauce?page=1&offset=0&filters=%7B%22catalogue_num%22%3A%22seasoning08%22%7D&trigger_type=taxonomy_seasoning08&filter_sub_category=seasoning"
  },
  {
    "category":"sauce",
    "product_name":"Specially Selected  Easy To Cook Refresh Oyster Sauce 95 g",
    "price":3.99,
    "unit_price":"$0.04\/g",
    "sales_count":null,
    "image_url":"https:\/\/img08.weeecdn.net\/item\/image\/716\/294\/6CD32E39738F4C1E.jpeg!c560x560_q80.auto",
    "source_url":"https:\/\/www.sayweee.com\/en\/category\/seasoning08\/Soy-Sauce?page=1&offset=0&filters=%7B%22catalogue_num%22%3A%22seasoning08%22%7D&trigger_type=taxonomy_seasoning08&filter_sub_category=seasoning"
  },
  {
    "category":"sauce",
    "product_name":"Taiwan Bag To Go! Taiwan Pingtung Tech University Lower Sodium Soy Sauce Bundle 2990 g",
    "price":169.2,
    "unit_price":"$0.05\/g",
    "sales_count":null,
    "image_url":"https:\/\/img08.weeecdn.net\/item\/image\/434\/491\/3BB3C91DF19A33.jpeg!c560x560_q80.auto",
    "source_url":"https:\/\/www.sayweee.com\/en\/category\/seasoning08\/Soy-Sauce?page=1&offset=0&filters=%7B%22catalogue_num%22%3A%22seasoning08%22%7D&trigger_type=taxonomy_seasoning08&filter_sub_category=seasoning"
  },
  {
    "category":"sauce",
    "product_name":"Aged Fermented Black Bean Soy Sauce Paste 400 ml",
    "price":13.5,
    "unit_price":"$0.03\/ml",
    "sales_count":null,
    "image_url":"https:\/\/img08.weeecdn.net\/item\/image\/525\/697\/79517025DB1DC7CB.png!c560x560_q80.auto",
    "source_url":"https:\/\/www.sayweee.com\/en\/category\/seasoning08\/Soy-Sauce?page=1&offset=0&filters=%7B%22catalogue_num%22%3A%22seasoning08%22%7D&trigger_type=taxonomy_seasoning08&filter_sub_category=seasoning"
  },
  {
    "category":"sauce",
    "product_name":"Soy Sauce for Kids (210ml) 1.1 lb",
    "price":16.05,
    "unit_price":"$14.59\/lb",
    "sales_count":null,
    "image_url":"https:\/\/img08.weeecdn.net\/item\/image\/633\/615\/41F44CFE5708CBC4.jpeg!c560x560_q80.auto",
    "source_url":"https:\/\/www.sayweee.com\/en\/category\/seasoning08\/Soy-Sauce?page=1&offset=0&filters=%7B%22catalogue_num%22%3A%22seasoning08%22%7D&trigger_type=taxonomy_seasoning08&filter_sub_category=seasoning"
  },
  {
    "category":"sauce",
    "product_name":"Kisoondo Traditional Soy Sauce - Ganjang (250ml) 1 each",
    "price":26.0,
    "unit_price":"nan",
    "sales_count":null,
    "image_url":"https:\/\/img08.weeecdn.net\/item\/image\/764\/268\/7512708FEE23AB7C.jpeg!c560x560_q80.auto",
    "source_url":"https:\/\/www.sayweee.com\/en\/category\/seasoning08\/Soy-Sauce?page=1&offset=0&filters=%7B%22catalogue_num%22%3A%22seasoning08%22%7D&trigger_type=taxonomy_seasoning08&filter_sub_category=seasoning"
  },
  {
    "category":"sauce",
    "product_name":"Kisoondo Cheongjang (250ml) 1 each",
    "price":26.0,
    "unit_price":"nan",
    "sales_count":null,
    "image_url":"https:\/\/img08.weeecdn.net\/item\/image\/154\/812\/57ABD7CFEA75A90D.jpeg!c560x560_q80.auto",
    "source_url":"https:\/\/www.sayweee.com\/en\/category\/seasoning08\/Soy-Sauce?page=1&offset=0&filters=%7B%22catalogue_num%22%3A%22seasoning08%22%7D&trigger_type=taxonomy_seasoning08&filter_sub_category=seasoning"
  },
  {
    "category":"sauce",
    "product_name":"DYB Aged Artisan Naturally Brewed Soy Sauce 500 ml",
    "price":20.5,
    "unit_price":"$0.04\/ml",
    "sales_count":null,
    "image_url":"https:\/\/img08.weeecdn.net\/item\/image\/339\/453\/1FD14DAE353F11E2.png!c560x560_q80.auto",
    "source_url":"https:\/\/www.sayweee.com\/en\/category\/seasoning08\/Soy-Sauce?page=1&offset=0&filters=%7B%22catalogue_num%22%3A%22seasoning08%22%7D&trigger_type=taxonomy_seasoning08&filter_sub_category=seasoning"
  },
  {
    "category":"sauce",
    "product_name":"Knorr Liquid Seasoning Original Soy Sauce 33.8 oz 1 each",
    "price":11.09,
    "unit_price":"nan",
    "sales_count":null,
    "image_url":"https:\/\/img08.weeecdn.net\/item\/image\/499\/594\/329E28CB46553F43.png!c560x560_q80.auto",
    "source_url":"https:\/\/www.sayweee.com\/en\/category\/seasoning08\/Soy-Sauce?page=1&offset=0&filters=%7B%22catalogue_num%22%3A%22seasoning08%22%7D&trigger_type=taxonomy_seasoning08&filter_sub_category=seasoning"
  },
  {
    "category":"sauce",
    "product_name":"DYB Golden Smile Naturally Brewed Soy Sauce 500 ml",
    "price":20.5,
    "unit_price":"$0.04\/ml",
    "sales_count":null,
    "image_url":"https:\/\/img08.weeecdn.net\/item\/image\/861\/643\/7C8F6C1BF47B1A89.png!c560x560_q80.auto",
    "source_url":"https:\/\/www.sayweee.com\/en\/category\/seasoning08\/Soy-Sauce?page=1&offset=0&filters=%7B%22catalogue_num%22%3A%22seasoning08%22%7D&trigger_type=taxonomy_seasoning08&filter_sub_category=seasoning"
  },
  {
    "category":"sauce",
    "product_name":"Yunshan semi-fat blueberry jam 150 g",
    "price":11.56,
    "unit_price":"$0.07\/g",
    "sales_count":null,
    "image_url":"https:\/\/img08.weeecdn.net\/item\/image\/698\/044\/254EA8757F37574.png!c560x560_q80.auto",
    "source_url":"https:\/\/www.sayweee.com\/en\/category\/seasoning08\/Soy-Sauce?page=1&offset=0&filters=%7B%22catalogue_num%22%3A%22seasoning08%22%7D&trigger_type=taxonomy_seasoning08&filter_sub_category=seasoning"
  },
  {
    "category":"sauce",
    "product_name":"Red Plum Soy Sauce Spicy 70g",
    "price":21.19,
    "unit_price":"nan",
    "sales_count":null,
    "image_url":"https:\/\/img08.weeecdn.net\/item\/image\/370\/189\/45F86446E259DEE0.png!c560x560_q80.auto",
    "source_url":"https:\/\/www.sayweee.com\/en\/category\/seasoning08\/Soy-Sauce?page=1&offset=0&filters=%7B%22catalogue_num%22%3A%22seasoning08%22%7D&trigger_type=taxonomy_seasoning08&filter_sub_category=seasoning"
  },
  {
    "category":"sauce",
    "product_name":"Gold Label Matsutake Fresh Soy Sauce 245 g",
    "price":16.0,
    "unit_price":"$0.06\/g",
    "sales_count":null,
    "image_url":"https:\/\/img08.weeecdn.net\/item\/image\/058\/759\/3913221CEB56D7A0.jpeg!c560x560_q80.auto",
    "source_url":"https:\/\/www.sayweee.com\/en\/category\/seasoning08\/Soy-Sauce?page=1&offset=0&filters=%7B%22catalogue_num%22%3A%22seasoning08%22%7D&trigger_type=taxonomy_seasoning08&filter_sub_category=seasoning"
  },
  {
    "category":"sauce",
    "product_name":"Premium Soy Sauce (Ganjang) 1 each",
    "price":26.0,
    "unit_price":"nan",
    "sales_count":null,
    "image_url":"https:\/\/img08.weeecdn.net\/item\/image\/171\/135\/4B96F04D5AEC456F.png!c560x560_q80.auto",
    "source_url":"https:\/\/www.sayweee.com\/en\/category\/seasoning08\/Soy-Sauce?page=1&offset=0&filters=%7B%22catalogue_num%22%3A%22seasoning08%22%7D&trigger_type=taxonomy_seasoning08&filter_sub_category=seasoning"
  },
  {
    "category":"sauce",
    "product_name":"Salsa Sauce 250ml seafood dip sauce 250 ml",
    "price":15.04,
    "unit_price":"$0.06\/ml",
    "sales_count":null,
    "image_url":"https:\/\/img08.weeecdn.net\/item\/image\/182\/627\/19BC490A5E6B61C2.jpeg!c560x560_q80.auto",
    "source_url":"https:\/\/www.sayweee.com\/en\/category\/seasoning08\/Soy-Sauce?page=1&offset=0&filters=%7B%22catalogue_num%22%3A%22seasoning08%22%7D&trigger_type=taxonomy_seasoning08&filter_sub_category=seasoning"
  },
  {
    "category":"sauce",
    "product_name":"CookDo Ajinomoto Chicken Soup Seasoning Sauce 120 g",
    "price":4.99,
    "unit_price":"$0.04\/g",
    "sales_count":null,
    "image_url":"https:\/\/img08.weeecdn.net\/item\/image\/203\/715\/4D007BF7E81D58F3.jpeg!c560x560_q80.auto",
    "source_url":"https:\/\/www.sayweee.com\/en\/category\/seasoning08\/Soy-Sauce?page=1&offset=0&filters=%7B%22catalogue_num%22%3A%22seasoning08%22%7D&trigger_type=taxonomy_seasoning08&filter_sub_category=seasoning"
  },
  {
    "category":"sauce",
    "product_name":"Umami Shoyu - Soy Sauce 6.76 fl oz (Smoked) 200ml 6.76 oz",
    "price":22.0,
    "unit_price":"$3.25\/oz",
    "sales_count":null,
    "image_url":"https:\/\/img08.weeecdn.net\/item\/image\/013\/447\/521E8E2CFA71783A.png!c560x560_q80.auto",
    "source_url":"https:\/\/www.sayweee.com\/en\/category\/seasoning08\/Soy-Sauce?page=1&offset=0&filters=%7B%22catalogue_num%22%3A%22seasoning08%22%7D&trigger_type=taxonomy_seasoning08&filter_sub_category=seasoning"
  },
  {
    "category":"sauce",
    "product_name":"Umami Shoyu - Soy Sauce 6.76 fl oz (200ml) (Low Sodium, Gluten Free) 6.76 oz",
    "price":21.0,
    "unit_price":"$3.10\/oz",
    "sales_count":null,
    "image_url":"https:\/\/img08.weeecdn.net\/item\/image\/322\/598\/C07E372106164D.png!c560x560_q80.auto",
    "source_url":"https:\/\/www.sayweee.com\/en\/category\/seasoning08\/Soy-Sauce?page=1&offset=0&filters=%7B%22catalogue_num%22%3A%22seasoning08%22%7D&trigger_type=taxonomy_seasoning08&filter_sub_category=seasoning"
  },
  {
    "category":"sauce",
    "product_name":"Umami Shoyu - Rice Shoyu, Soy Sauce Alternative 5.07oz (150 ml) 150 ml",
    "price":20.0,
    "unit_price":"$0.13\/ml",
    "sales_count":null,
    "image_url":"https:\/\/img08.weeecdn.net\/item\/image\/369\/105\/1C14EF65BCF12BC0.png!c560x560_q80.auto",
    "source_url":"https:\/\/www.sayweee.com\/en\/category\/seasoning08\/Soy-Sauce?page=1&offset=0&filters=%7B%22catalogue_num%22%3A%22seasoning08%22%7D&trigger_type=taxonomy_seasoning08&filter_sub_category=seasoning"
  },
  {
    "category":"sauce",
    "product_name":"Umami Shoyu - Soy Sauce 6.76 fl oz (200ml) (Chocolate) 200 ml",
    "price":21.0,
    "unit_price":"$0.10\/ml",
    "sales_count":null,
    "image_url":"https:\/\/img08.weeecdn.net\/item\/image\/856\/206\/247F04CAD8C0D370.png!c560x560_q80.auto",
    "source_url":"https:\/\/www.sayweee.com\/en\/category\/seasoning08\/Soy-Sauce?page=1&offset=0&filters=%7B%22catalogue_num%22%3A%22seasoning08%22%7D&trigger_type=taxonomy_seasoning08&filter_sub_category=seasoning"
  },
  {
    "category":"sauce",
    "product_name":"Umami Shoyu - Soy Sauce 6.76 fl oz (200ml) (Yuzu Kosho) 200 ml",
    "price":21.0,
    "unit_price":"$0.10\/ml",
    "sales_count":null,
    "image_url":"https:\/\/img08.weeecdn.net\/item\/image\/657\/162\/3B2FF30B96FB689F.png!c560x560_q80.auto",
    "source_url":"https:\/\/www.sayweee.com\/en\/category\/seasoning08\/Soy-Sauce?page=1&offset=0&filters=%7B%22catalogue_num%22%3A%22seasoning08%22%7D&trigger_type=taxonomy_seasoning08&filter_sub_category=seasoning"
  },
  {
    "category":"sauce",
    "product_name":"Marukome Plus Shinsei Soy Sauce Koji 8 Packs 1770 g",
    "price":53.49,
    "unit_price":"$0.03\/g",
    "sales_count":null,
    "image_url":"https:\/\/img08.weeecdn.net\/item\/image\/574\/725\/2E8B5D61C4D9DB32.jpeg!c560x560_q80.auto",
    "source_url":"https:\/\/www.sayweee.com\/en\/category\/seasoning08\/Soy-Sauce?page=1&offset=0&filters=%7B%22catalogue_num%22%3A%22seasoning08%22%7D&trigger_type=taxonomy_seasoning08&filter_sub_category=seasoning"
  },
  {
    "category":"sauce",
    "product_name":"Soy Sauce - Red, 1L",
    "price":9.79,
    "unit_price":"nan",
    "sales_count":100.0,
    "image_url":"https:\/\/img08.weeecdn.net\/product\/image\/628\/344\/632E9A4E62604CFB.png!c560x560_q80.auto",
    "source_url":"https:\/\/www.sayweee.com\/en\/category\/seasoning08\/Soy-Sauce?page=1&offset=0&filters=%7B%22catalogue_num%22%3A%22seasoning08%22%7D&trigger_type=taxonomy_seasoning08&filter_sub_category=seasoning"
  },
  {
    "category":"sauce",
    "product_name":"DYB Golden Smile Naturally Brewed Soy Sauce 500 ml",
    "price":24.99,
    "unit_price":"$1.47\/fl.oz",
    "sales_count":null,
    "image_url":"https:\/\/img08.weeecdn.net\/item\/image\/752\/421\/1B7B003421E6E474.jpg!c560x560_q80.auto",
    "source_url":"https:\/\/www.sayweee.com\/en\/category\/seasoning08\/Soy-Sauce?page=1&offset=0&filters=%7B%22catalogue_num%22%3A%22seasoning08%22%7D&trigger_type=taxonomy_seasoning08&filter_sub_category=seasoning"
  },
  {
    "category":"sauce",
    "product_name":"[Nam Duong] Thick Soy Sauce 500ml x3 16.96 oz",
    "price":9.99,
    "unit_price":"$0.58\/oz",
    "sales_count":null,
    "image_url":"https:\/\/img08.weeecdn.net\/item\/image\/645\/243\/7F0DD23161F6546F.png.jpeg!c560x560_q80.auto",
    "source_url":"https:\/\/www.sayweee.com\/en\/category\/seasoning08\/Soy-Sauce?page=1&offset=0&filters=%7B%22catalogue_num%22%3A%22seasoning08%22%7D&trigger_type=taxonomy_seasoning08&filter_sub_category=seasoning"
  },
  {
    "category":"sauce",
    "product_name":"Vegan Taiwan Leezen Organic Oyster Sauce 1 bottle",
    "price":18.0,
    "unit_price":"nan",
    "sales_count":null,
    "image_url":"https:\/\/img08.weeecdn.net\/item\/image\/549\/228\/588FCCE3DCEF3E93.jpeg!c560x560_q80.auto",
    "source_url":"https:\/\/www.sayweee.com\/en\/category\/seasoning08\/Soy-Sauce?page=1&offset=0&filters=%7B%22catalogue_num%22%3A%22seasoning08%22%7D&trigger_type=taxonomy_seasoning08&filter_sub_category=seasoning"
  },
  {
    "category":"sauce",
    "product_name":"Donggu soybean soy sauce light soy sauce*1 bottle 650 ml",
    "price":32.9,
    "unit_price":"$0.05\/ml",
    "sales_count":null,
    "image_url":"https:\/\/img08.weeecdn.net\/item\/image\/098\/173\/120BADD52F583972.webp!c560x560_q80.auto",
    "source_url":"https:\/\/www.sayweee.com\/en\/category\/seasoning08\/Soy-Sauce?page=1&offset=0&filters=%7B%22catalogue_num%22%3A%22seasoning08%22%7D&trigger_type=taxonomy_seasoning08&filter_sub_category=seasoning"
  },
  {
    "category":"sauce",
    "product_name":"Best Quality Superior Soy Sauce*1 bottle 1280 g",
    "price":72.9,
    "unit_price":"$0.05\/g",
    "sales_count":null,
    "image_url":"https:\/\/img08.weeecdn.net\/item\/image\/668\/630\/3DB3B30A4021BBA4.webp!c560x560_q80.auto",
    "source_url":"https:\/\/www.sayweee.com\/en\/category\/seasoning08\/Soy-Sauce?page=1&offset=0&filters=%7B%22catalogue_num%22%3A%22seasoning08%22%7D&trigger_type=taxonomy_seasoning08&filter_sub_category=seasoning"
  },
  {
    "category":"sauce",
    "product_name":"Kikkoman Always Fresh Oyster Dashi Soy Sauce 450 ml",
    "price":10.88,
    "unit_price":"nan",
    "sales_count":null,
    "image_url":"https:\/\/img08.weeecdn.net\/item\/image\/581\/863\/59446040E958568A.jpeg!c560x560_q80.auto",
    "source_url":"https:\/\/www.sayweee.com\/en\/category\/seasoning08\/Soy-Sauce?page=1&offset=0&filters=%7B%22catalogue_num%22%3A%22seasoning08%22%7D&trigger_type=taxonomy_seasoning08&filter_sub_category=seasoning"
  },
  {
    "category":"sauce",
    "product_name":"MONGGO Spicy Soy Sauce Mild 11.64 oz",
    "price":4.49,
    "unit_price":"$0.38\/oz",
    "sales_count":null,
    "image_url":"https:\/\/img08.weeecdn.net\/product\/image\/393\/320\/1C78570A5FD5FD11.png!c560x560_q80.auto",
    "source_url":"https:\/\/www.sayweee.com\/en\/category\/seasoning08\/Soy-Sauce?page=1&offset=0&filters=%7B%22catalogue_num%22%3A%22seasoning08%22%7D&trigger_type=taxonomy_seasoning08&filter_sub_category=seasoning"
  },
  {
    "category":"sauce",
    "product_name":"[ Tam Thai Tu ] Soy Sauce Combo 3 Bottles 22.88 oz",
    "price":14.99,
    "unit_price":"$0.65\/oz",
    "sales_count":null,
    "image_url":"https:\/\/img08.weeecdn.net\/item\/image\/657\/973\/79BDB89DD9D81D7A.png.jpeg!c560x560_q80.auto",
    "source_url":"https:\/\/www.sayweee.com\/en\/category\/seasoning08\/Soy-Sauce?page=1&offset=0&filters=%7B%22catalogue_num%22%3A%22seasoning08%22%7D&trigger_type=taxonomy_seasoning08&filter_sub_category=seasoning"
  },
  {
    "category":"sauce",
    "product_name":"Joy Spring Organic Pure Wheat Soy Sauce 1 each",
    "price":15.99,
    "unit_price":"nan",
    "sales_count":null,
    "image_url":"https:\/\/img08.weeecdn.net\/item\/image\/616\/800\/C145CDE46A34B99.jpeg!c560x560_q80.auto",
    "source_url":"https:\/\/www.sayweee.com\/en\/category\/seasoning08\/Soy-Sauce?page=1&offset=0&filters=%7B%22catalogue_num%22%3A%22seasoning08%22%7D&trigger_type=taxonomy_seasoning08&filter_sub_category=seasoning"
  },
  {
    "category":"sauce",
    "product_name":"Xiao Chu cold dressing *1 bottle 235 ml",
    "price":18.9,
    "unit_price":"$0.08\/ml",
    "sales_count":null,
    "image_url":"https:\/\/img08.weeecdn.net\/item\/image\/749\/607\/7B66C2B691E6BD73.webp!c560x560_q80.auto",
    "source_url":"https:\/\/www.sayweee.com\/en\/category\/seasoning08\/Soy-Sauce?page=1&offset=0&filters=%7B%22catalogue_num%22%3A%22seasoning08%22%7D&trigger_type=taxonomy_seasoning08&filter_sub_category=seasoning"
  },
  {
    "category":"sauce",
    "product_name":"Golden Mountain Seasoning Sauce 20 oz 1 each",
    "price":4.79,
    "unit_price":"nan",
    "sales_count":null,
    "image_url":"https:\/\/img08.weeecdn.net\/item\/image\/940\/153\/F27B4A248D9547C.png!c560x560_q80.auto",
    "source_url":"https:\/\/www.sayweee.com\/en\/category\/seasoning08\/Soy-Sauce?page=1&offset=0&filters=%7B%22catalogue_num%22%3A%22seasoning08%22%7D&trigger_type=taxonomy_seasoning08&filter_sub_category=seasoning"
  },
  {
    "category":"sauce",
    "product_name":"Merci Vegetarian Seasoning Soya Sauce 1 each",
    "price":8.99,
    "unit_price":"nan",
    "sales_count":null,
    "image_url":"https:\/\/img08.weeecdn.net\/item\/image\/461\/412\/7A7E83DBC8CEFBEB.png.jpeg!c560x560_q80.auto",
    "source_url":"https:\/\/www.sayweee.com\/en\/category\/seasoning08\/Soy-Sauce?page=1&offset=0&filters=%7B%22catalogue_num%22%3A%22seasoning08%22%7D&trigger_type=taxonomy_seasoning08&filter_sub_category=seasoning"
  },
  {
    "category":"sauce",
    "product_name":"150mL*1 bottle of Mikukumi soy sauce 150 ml",
    "price":13.55,
    "unit_price":"$0.09\/ml",
    "sales_count":null,
    "image_url":"https:\/\/img08.weeecdn.net\/item\/image\/062\/614\/A5B6BA3DBFFFF1.webp!c560x560_q80.auto",
    "source_url":"https:\/\/www.sayweee.com\/en\/category\/seasoning08\/Soy-Sauce?page=1&offset=0&filters=%7B%22catalogue_num%22%3A%22seasoning08%22%7D&trigger_type=taxonomy_seasoning08&filter_sub_category=seasoning"
  },
  {
    "category":"sauce",
    "product_name":"Nam Duong Premium Soy Sauce 16.9 oz",
    "price":2.51,
    "unit_price":"$0.14\/oz",
    "sales_count":null,
    "image_url":"https:\/\/img08.weeecdn.net\/item\/image\/522\/585\/50D41A6660285154.png.jpeg!c560x560_q80.auto",
    "source_url":"https:\/\/www.sayweee.com\/en\/category\/seasoning08\/Soy-Sauce?page=1&offset=0&filters=%7B%22catalogue_num%22%3A%22seasoning08%22%7D&trigger_type=taxonomy_seasoning08&filter_sub_category=seasoning"
  },
  {
    "category":"sauce",
    "product_name":"DYB Golden Black Naturally Brewed Soy Sauce 500 ml",
    "price":22.0,
    "unit_price":"$0.04\/ml",
    "sales_count":null,
    "image_url":"https:\/\/img08.weeecdn.net\/item\/image\/106\/773\/5150ED7622EDD284.png!c560x560_q80.auto",
    "source_url":"https:\/\/www.sayweee.com\/en\/category\/seasoning08\/Soy-Sauce?page=1&offset=0&filters=%7B%22catalogue_num%22%3A%22seasoning08%22%7D&trigger_type=taxonomy_seasoning08&filter_sub_category=seasoning"
  },
  {
    "category":"sauce",
    "product_name":"Ofukuro Organic Baby Dashi Soy Sauce 100g 1 bottle",
    "price":6.64,
    "unit_price":"nan",
    "sales_count":null,
    "image_url":"https:\/\/img08.weeecdn.net\/item\/image\/162\/834\/3339FD47DCA7977F.jpeg!c560x560_q80.auto",
    "source_url":"https:\/\/www.sayweee.com\/en\/category\/seasoning08\/Soy-Sauce?page=1&offset=0&filters=%7B%22catalogue_num%22%3A%22seasoning08%22%7D&trigger_type=taxonomy_seasoning08&filter_sub_category=seasoning"
  },
  {
    "category":"sauce",
    "product_name":"Yongtai Fried Rice Noodle Soy Sauce 150ml 150 ml",
    "price":13.87,
    "unit_price":"$0.09\/ml",
    "sales_count":null,
    "image_url":"https:\/\/img08.weeecdn.net\/item\/image\/965\/620\/408CE2668D643918.jpeg!c560x560_q80.auto",
    "source_url":"https:\/\/www.sayweee.com\/en\/category\/seasoning08\/Soy-Sauce?page=1&offset=0&filters=%7B%22catalogue_num%22%3A%22seasoning08%22%7D&trigger_type=taxonomy_seasoning08&filter_sub_category=seasoning"
  },
  {
    "category":"sauce",
    "product_name":"Knorr Liquid Seasoning Original Soy Sauce 8.45 fl.oz",
    "price":3.59,
    "unit_price":"$0.42\/fl.oz",
    "sales_count":null,
    "image_url":"https:\/\/img08.weeecdn.net\/item\/image\/250\/214\/5687C1ADD3C6CA05.png.jpeg!c560x560_q80.auto",
    "source_url":"https:\/\/www.sayweee.com\/en\/category\/seasoning08\/Soy-Sauce?page=1&offset=0&filters=%7B%22catalogue_num%22%3A%22seasoning08%22%7D&trigger_type=taxonomy_seasoning08&filter_sub_category=seasoning"
  },
  {
    "category":"sauce",
    "product_name":"DYB  Soy Sauce\/Black Bean 500 ml",
    "price":22.0,
    "unit_price":"$0.04\/ml",
    "sales_count":null,
    "image_url":"https:\/\/img08.weeecdn.net\/item\/image\/812\/453\/426F578150B1BECD.png!c560x560_q80.auto",
    "source_url":"https:\/\/www.sayweee.com\/en\/category\/seasoning08\/Soy-Sauce?page=1&offset=0&filters=%7B%22catalogue_num%22%3A%22seasoning08%22%7D&trigger_type=taxonomy_seasoning08&filter_sub_category=seasoning"
  },
  {
    "category":"sauce",
    "product_name":"Haitian soy sauce 350ml *1 bag 350 ml",
    "price":18.99,
    "unit_price":"$0.05\/ml",
    "sales_count":null,
    "image_url":"https:\/\/img08.weeecdn.net\/item\/image\/220\/581\/584C860965730229.jpeg!c560x560_q80.auto",
    "source_url":"https:\/\/www.sayweee.com\/en\/category\/seasoning08\/Soy-Sauce?page=1&offset=0&filters=%7B%22catalogue_num%22%3A%22seasoning08%22%7D&trigger_type=taxonomy_seasoning08&filter_sub_category=seasoning"
  },
  {
    "category":"sauce",
    "product_name":"[Tam Thai Tu] Thick Soy Sauce Dipping 22.88oz 1 count",
    "price":6.99,
    "unit_price":"nan",
    "sales_count":null,
    "image_url":"https:\/\/img08.weeecdn.net\/item\/image\/573\/832\/4C60061D66F95443.png.jpeg!c560x560_q80.auto",
    "source_url":"https:\/\/www.sayweee.com\/en\/category\/seasoning08\/Soy-Sauce?page=1&offset=0&filters=%7B%22catalogue_num%22%3A%22seasoning08%22%7D&trigger_type=taxonomy_seasoning08&filter_sub_category=seasoning"
  },
  {
    "category":"sauce",
    "product_name":"Nam Duong Condensed Soy Sauce 500 ml",
    "price":2.87,
    "unit_price":"nan",
    "sales_count":null,
    "image_url":"https:\/\/img08.weeecdn.net\/item\/image\/711\/189\/63DF32BD77068F5F.png.jpeg!c560x560_q80.auto",
    "source_url":"https:\/\/www.sayweee.com\/en\/category\/seasoning08\/Soy-Sauce?page=1&offset=0&filters=%7B%22catalogue_num%22%3A%22seasoning08%22%7D&trigger_type=taxonomy_seasoning08&filter_sub_category=seasoning"
  },
  {
    "category":"sauce",
    "product_name":"Golden Ponzu Soy Sauce 200ml 200 ml",
    "price":22.99,
    "unit_price":"$0.11\/ml",
    "sales_count":null,
    "image_url":"https:\/\/img08.weeecdn.net\/item\/image\/860\/631\/520664F6B2610818.png!c560x560_q80.auto",
    "source_url":"https:\/\/www.sayweee.com\/en\/category\/seasoning08\/Soy-Sauce?page=1&offset=0&filters=%7B%22catalogue_num%22%3A%22seasoning08%22%7D&trigger_type=taxonomy_seasoning08&filter_sub_category=seasoning"
  },
  {
    "category":"sauce",
    "product_name":"Haitian Organic Soy Sauce 100ml*1 bottle 100 ml",
    "price":6.45,
    "unit_price":"$0.06\/ml",
    "sales_count":null,
    "image_url":"https:\/\/img08.weeecdn.net\/item\/image\/340\/064\/3358CB38526C1E3B.jpeg!c560x560_q80.auto",
    "source_url":"https:\/\/www.sayweee.com\/en\/category\/seasoning08\/Soy-Sauce?page=1&offset=0&filters=%7B%22catalogue_num%22%3A%22seasoning08%22%7D&trigger_type=taxonomy_seasoning08&filter_sub_category=seasoning"
  },
  {
    "category":"sauce",
    "product_name":"Kikkoman Soy Sauce Whole Bean in Squeeze Bottle 450 ml",
    "price":7.49,
    "unit_price":"$0.49\/fl.oz",
    "sales_count":null,
    "image_url":"https:\/\/img08.weeecdn.net\/product\/image\/424\/652\/37298D780032EAC7.png!c560x560_q80.auto",
    "source_url":"https:\/\/www.sayweee.com\/en\/category\/seasoning08\/Soy-Sauce?page=1&offset=0&filters=%7B%22catalogue_num%22%3A%22seasoning08%22%7D&trigger_type=taxonomy_seasoning08&filter_sub_category=seasoning"
  },
  {
    "category":"sauce",
    "product_name":"Yunnan specialty Jiangfengyuan Yuxi Old Sauce 400 g",
    "price":10.5,
    "unit_price":"nan",
    "sales_count":null,
    "image_url":"https:\/\/img08.weeecdn.net\/item\/image\/384\/845\/6C5BAA94CEC9902E.jpeg!c560x560_q80.auto",
    "source_url":"https:\/\/www.sayweee.com\/en\/category\/seasoning08\/Soy-Sauce?page=1&offset=0&filters=%7B%22catalogue_num%22%3A%22seasoning08%22%7D&trigger_type=taxonomy_seasoning08&filter_sub_category=seasoning"
  },
  {
    "category":"sauce",
    "product_name":"Kelp Org. Soy Sauce 1 each",
    "price":17.99,
    "unit_price":"nan",
    "sales_count":null,
    "image_url":"https:\/\/img08.weeecdn.net\/item\/image\/759\/673\/36D668F939EBF994.jpeg!c560x560_q80.auto",
    "source_url":"https:\/\/www.sayweee.com\/en\/category\/seasoning08\/Soy-Sauce?page=1&offset=0&filters=%7B%22catalogue_num%22%3A%22seasoning08%22%7D&trigger_type=taxonomy_seasoning08&filter_sub_category=seasoning"
  },
  {
    "category":"sauce",
    "product_name":"Chinsu Soy Sauce with Garlic and Chili 8.5 fl.oz",
    "price":3.31,
    "unit_price":"$0.38\/fl.oz",
    "sales_count":null,
    "image_url":"https:\/\/img08.weeecdn.net\/item\/image\/618\/129\/4C91EA8AC1365E0F.png.jpeg!c560x560_q80.auto",
    "source_url":"https:\/\/www.sayweee.com\/en\/category\/seasoning08\/Soy-Sauce?page=1&offset=0&filters=%7B%22catalogue_num%22%3A%22seasoning08%22%7D&trigger_type=taxonomy_seasoning08&filter_sub_category=seasoning"
  },
  {
    "category":"sauce",
    "product_name":"Chinsu Tam Thai Tu Soy Sauce 22 fl.oz",
    "price":6.3,
    "unit_price":"$0.28\/fl.oz",
    "sales_count":null,
    "image_url":"https:\/\/img08.weeecdn.net\/item\/image\/905\/312\/39EC646DAF68CEEC.png.jpeg!c560x560_q80.auto",
    "source_url":"https:\/\/www.sayweee.com\/en\/category\/seasoning08\/Soy-Sauce?page=1&offset=0&filters=%7B%22catalogue_num%22%3A%22seasoning08%22%7D&trigger_type=taxonomy_seasoning08&filter_sub_category=seasoning"
  },
  {
    "category":"sauce",
    "product_name":"Marca Pina Soy Sauce 33.8 oz",
    "price":5.79,
    "unit_price":"$0.17\/oz",
    "sales_count":null,
    "image_url":"https:\/\/img08.weeecdn.net\/item\/image\/677\/994\/641A8379BE47E19E.jpg!c560x560_q80.auto",
    "source_url":"https:\/\/www.sayweee.com\/en\/category\/seasoning08\/Soy-Sauce?page=1&offset=0&filters=%7B%22catalogue_num%22%3A%22seasoning08%22%7D&trigger_type=taxonomy_seasoning08&filter_sub_category=seasoning"
  },
  {
    "category":"sauce",
    "product_name":"YangMingYu Braised Chicken Sauce 120g*2 bags 1 each",
    "price":8.89,
    "unit_price":"nan",
    "sales_count":null,
    "image_url":"https:\/\/img08.weeecdn.net\/item\/image\/604\/544\/3736CCFC67A83D60.jpeg!c560x560_q80.auto",
    "source_url":"https:\/\/www.sayweee.com\/en\/category\/seasoning08\/Soy-Sauce?page=1&offset=0&filters=%7B%22catalogue_num%22%3A%22seasoning08%22%7D&trigger_type=taxonomy_seasoning08&filter_sub_category=seasoning"
  },
  {
    "category":"sauce",
    "product_name":"Yongtai soy sauce 150ml*2 brewed soy sauce 300 ml",
    "price":32.99,
    "unit_price":"$0.10\/ml",
    "sales_count":null,
    "image_url":"https:\/\/img08.weeecdn.net\/item\/image\/186\/790\/25610F6E9C934EDC.png.jpeg!c560x560_q80.auto",
    "source_url":"https:\/\/www.sayweee.com\/en\/category\/seasoning08\/Soy-Sauce?page=1&offset=0&filters=%7B%22catalogue_num%22%3A%22seasoning08%22%7D&trigger_type=taxonomy_seasoning08&filter_sub_category=seasoning"
  },
  {
    "category":"sauce",
    "product_name":"DYB Artisan Lite Naturally Brewed Soy Sauce 500 ml",
    "price":20.5,
    "unit_price":"$0.04\/ml",
    "sales_count":null,
    "image_url":"https:\/\/img08.weeecdn.net\/item\/image\/857\/861\/4C1D5CE94F71706B.png!c560x560_q80.auto",
    "source_url":"https:\/\/www.sayweee.com\/en\/category\/seasoning08\/Soy-Sauce?page=1&offset=0&filters=%7B%22catalogue_num%22%3A%22seasoning08%22%7D&trigger_type=taxonomy_seasoning08&filter_sub_category=seasoning"
  },
  {
    "category":"sauce",
    "product_name":"Mitsukan Tomita Garlic Soy Sauce 250ml 1 each",
    "price":23.49,
    "unit_price":"nan",
    "sales_count":null,
    "image_url":"https:\/\/img08.weeecdn.net\/item\/image\/932\/699\/7D129976C3F89B88.jpeg!c560x560_q80.auto",
    "source_url":"https:\/\/www.sayweee.com\/en\/category\/seasoning08\/Soy-Sauce?page=1&offset=0&filters=%7B%22catalogue_num%22%3A%22seasoning08%22%7D&trigger_type=taxonomy_seasoning08&filter_sub_category=seasoning"
  },
  {
    "category":"sauce",
    "product_name":"Shinho Liuyuexian  Braised Soy Sauce 500 ml",
    "price":5.21,
    "unit_price":"nan",
    "sales_count":null,
    "image_url":"https:\/\/img08.weeecdn.net\/item\/image\/469\/526\/FC04E0C75BA785E.jpeg!c560x560_q80.auto",
    "source_url":"https:\/\/www.sayweee.com\/en\/category\/seasoning08\/Soy-Sauce?page=1&offset=0&filters=%7B%22catalogue_num%22%3A%22seasoning08%22%7D&trigger_type=taxonomy_seasoning08&filter_sub_category=seasoning"
  },
  {
    "category":"sauce",
    "product_name":"Yuzu no Mura Ponzu Soy Sauce 1000 ml",
    "price":67.49,
    "unit_price":"$0.06\/ml",
    "sales_count":null,
    "image_url":"https:\/\/img08.weeecdn.net\/item\/image\/174\/497\/558AA218377DF2AA.jpeg!c560x560_q80.auto",
    "source_url":"https:\/\/www.sayweee.com\/en\/category\/seasoning08\/Soy-Sauce?page=1&offset=0&filters=%7B%22catalogue_num%22%3A%22seasoning08%22%7D&trigger_type=taxonomy_seasoning08&filter_sub_category=seasoning"
  },
  {
    "category":"sauce",
    "product_name":"Ching's Secret Dark Soy Sauce, 7 oz bottle 7 oz",
    "price":3.29,
    "unit_price":"$0.47\/oz",
    "sales_count":null,
    "image_url":"https:\/\/img08.weeecdn.net\/item\/image\/914\/766\/424D3855FE476C19.jpeg!c560x560_q80.auto",
    "source_url":"https:\/\/www.sayweee.com\/en\/category\/seasoning08\/Soy-Sauce?page=1&offset=0&filters=%7B%22catalogue_num%22%3A%22seasoning08%22%7D&trigger_type=taxonomy_seasoning08&filter_sub_category=seasoning"
  },
  {
    "category":"sauce",
    "product_name":"[CHIN-SU] 'Tam Thai Tu' Soy Sauce - 650 ml",
    "price":3.59,
    "unit_price":"nan",
    "sales_count":null,
    "image_url":"https:\/\/img08.weeecdn.net\/item\/image\/943\/967\/73CE46B5ABB3CFE4.png.jpeg!c560x560_q80.auto",
    "source_url":"https:\/\/www.sayweee.com\/en\/category\/seasoning08\/Soy-Sauce?page=1&offset=0&filters=%7B%22catalogue_num%22%3A%22seasoning08%22%7D&trigger_type=taxonomy_seasoning08&filter_sub_category=seasoning"
  },
  {
    "category":"sauce",
    "product_name":"Knorr Liquid Seasoning Sauce 8.50 fl oz 1 each",
    "price":3.14,
    "unit_price":"nan",
    "sales_count":null,
    "image_url":"https:\/\/img08.weeecdn.net\/item\/image\/431\/504\/137495278ED32FBB.png!c560x560_q80.auto",
    "source_url":"https:\/\/www.sayweee.com\/en\/category\/seasoning08\/Soy-Sauce?page=1&offset=0&filters=%7B%22catalogue_num%22%3A%22seasoning08%22%7D&trigger_type=taxonomy_seasoning08&filter_sub_category=seasoning"
  },
  {
    "category":"sauce",
    "product_name":"DYB Naturally Brewed Brown Soybean Soy Sauce 500 ml",
    "price":26.5,
    "unit_price":"$0.05\/ml",
    "sales_count":null,
    "image_url":"https:\/\/img08.weeecdn.net\/item\/image\/042\/450\/2E581EA3E5DADE3F.jpeg!c560x560_q80.auto",
    "source_url":"https:\/\/www.sayweee.com\/en\/category\/seasoning08\/Soy-Sauce?page=1&offset=0&filters=%7B%22catalogue_num%22%3A%22seasoning08%22%7D&trigger_type=taxonomy_seasoning08&filter_sub_category=seasoning"
  },
  {
    "category":"sauce",
    "product_name":"SHINHO Liuyuexian Premium Soy Sauce 500 ml",
    "price":5.21,
    "unit_price":"nan",
    "sales_count":null,
    "image_url":"https:\/\/img08.weeecdn.net\/item\/image\/413\/913\/41F345E7229C6DF0.jpeg!c560x560_q80.auto",
    "source_url":"https:\/\/www.sayweee.com\/en\/category\/seasoning08\/Soy-Sauce?page=1&offset=0&filters=%7B%22catalogue_num%22%3A%22seasoning08%22%7D&trigger_type=taxonomy_seasoning08&filter_sub_category=seasoning"
  },
  {
    "category":"sauce",
    "product_name":"Mushroom Vegetarian Oyster Sauce 300 ml",
    "price":10.5,
    "unit_price":"$0.03\/ml",
    "sales_count":null,
    "image_url":"https:\/\/img08.weeecdn.net\/item\/image\/520\/526\/177D9390E8451B9E.png!c560x560_q80.auto",
    "source_url":"https:\/\/www.sayweee.com\/en\/category\/seasoning08\/Soy-Sauce?page=1&offset=0&filters=%7B%22catalogue_num%22%3A%22seasoning08%22%7D&trigger_type=taxonomy_seasoning08&filter_sub_category=seasoning"
  },
  {
    "category":"sauce",
    "product_name":"Oyster Sauce (Pure Oyster & Salt) 120ml 2-Pack 120 g",
    "price":54.99,
    "unit_price":"$0.45\/g",
    "sales_count":null,
    "image_url":"https:\/\/img08.weeecdn.net\/item\/image\/221\/290\/7A1C4334AF4A0A06.jpeg!c560x560_q80.auto",
    "source_url":"https:\/\/www.sayweee.com\/en\/category\/seasoning08\/Soy-Sauce?page=1&offset=0&filters=%7B%22catalogue_num%22%3A%22seasoning08%22%7D&trigger_type=taxonomy_seasoning08&filter_sub_category=seasoning"
  },
  {
    "category":"sauce",
    "product_name":"Phoenix-ball mark: spicy fresh dew, cold sauce 460 g",
    "price":28.8,
    "unit_price":"$0.06\/g",
    "sales_count":null,
    "image_url":"https:\/\/img08.weeecdn.net\/item\/image\/485\/624\/795D8B646C2B41B8.webp!c560x560_q80.auto",
    "source_url":"https:\/\/www.sayweee.com\/en\/category\/seasoning08\/Soy-Sauce?page=1&offset=0&filters=%7B%22catalogue_num%22%3A%22seasoning08%22%7D&trigger_type=taxonomy_seasoning08&filter_sub_category=seasoning"
  },
  {
    "category":"sauce",
    "product_name":"Sukiyaki Soy Aauce Seasoning Sauce 330 ml",
    "price":8.99,
    "unit_price":"nan",
    "sales_count":null,
    "image_url":"https:\/\/img08.weeecdn.net\/item\/image\/406\/655\/3F34B50111395171.jpeg!c560x560_q80.auto",
    "source_url":"https:\/\/www.sayweee.com\/en\/category\/seasoning08\/Soy-Sauce?page=1&offset=0&filters=%7B%22catalogue_num%22%3A%22seasoning08%22%7D&trigger_type=taxonomy_seasoning08&filter_sub_category=seasoning"
  },
  {
    "category":"sauce",
    "product_name":"Maggi European Seasoning Sauce 200ml 1 each",
    "price":9.09,
    "unit_price":"nan",
    "sales_count":null,
    "image_url":"https:\/\/img08.weeecdn.net\/item\/image\/025\/659\/5A248EBDD9683236.png.jpeg!c560x560_q80.auto",
    "source_url":"https:\/\/www.sayweee.com\/en\/category\/seasoning08\/Soy-Sauce?page=1&offset=0&filters=%7B%22catalogue_num%22%3A%22seasoning08%22%7D&trigger_type=taxonomy_seasoning08&filter_sub_category=seasoning"
  },
  {
    "category":"sauce",
    "product_name":"Teraokake Egg Dish Soy Sauce Nori Flavoe 150 ml",
    "price":6.5,
    "unit_price":"$0.04\/ml",
    "sales_count":null,
    "image_url":"https:\/\/img08.weeecdn.net\/item\/image\/532\/557\/2254277D33A72804.png.jpeg!c560x560_q80.auto",
    "source_url":"https:\/\/www.sayweee.com\/en\/category\/seasoning08\/Soy-Sauce?page=1&offset=0&filters=%7B%22catalogue_num%22%3A%22seasoning08%22%7D&trigger_type=taxonomy_seasoning08&filter_sub_category=seasoning"
  },
  {
    "category":"sauce",
    "product_name":"HOKKAIDO JAPAN FUKUYAMA HIDAKA FOODS BABY SHOYU 100 ml",
    "price":7.8,
    "unit_price":"$0.07\/ml",
    "sales_count":null,
    "image_url":"https:\/\/img08.weeecdn.net\/item\/image\/988\/243\/6384518E9507008.jpeg!c560x560_q80.auto",
    "source_url":"https:\/\/www.sayweee.com\/en\/category\/seasoning08\/Soy-Sauce?page=1&offset=0&filters=%7B%22catalogue_num%22%3A%22seasoning08%22%7D&trigger_type=taxonomy_seasoning08&filter_sub_category=seasoning"
  },
  {
    "category":"sauce",
    "product_name":"KIKKOMAN 25% Cut Back On Salt Hokkaido Kombu Soy Sauce 200 ml",
    "price":8.99,
    "unit_price":"$0.04\/ml",
    "sales_count":null,
    "image_url":"https:\/\/img08.weeecdn.net\/item\/image\/457\/227\/554839A398D2AC3B.jpeg!c560x560_q80.auto",
    "source_url":"https:\/\/www.sayweee.com\/en\/category\/seasoning08\/Soy-Sauce?page=1&offset=0&filters=%7B%22catalogue_num%22%3A%22seasoning08%22%7D&trigger_type=taxonomy_seasoning08&filter_sub_category=seasoning"
  },
  {
    "category":"sauce",
    "product_name":"China Live House Soy Sauce Non-Gluten 250 ml",
    "price":11.95,
    "unit_price":"$0.04\/ml",
    "sales_count":null,
    "image_url":"https:\/\/img08.weeecdn.net\/item\/image\/228\/278\/258FDC6275054B9E.jpeg!c560x560_q80.auto",
    "source_url":"https:\/\/www.sayweee.com\/en\/category\/seasoning08\/Soy-Sauce?page=1&offset=0&filters=%7B%22catalogue_num%22%3A%22seasoning08%22%7D&trigger_type=taxonomy_seasoning08&filter_sub_category=seasoning"
  },
  {
    "category":"sauce",
    "product_name":"ODS Naturally Brewed All-purpose Soy Sauce 550 ml",
    "price":22.0,
    "unit_price":"$0.04\/ml",
    "sales_count":null,
    "image_url":"https:\/\/img08.weeecdn.net\/item\/image\/000\/670\/E3C961434ED7665.webp!c560x560_q80.auto",
    "source_url":"https:\/\/www.sayweee.com\/en\/category\/seasoning08\/Soy-Sauce?page=1&offset=0&filters=%7B%22catalogue_num%22%3A%22seasoning08%22%7D&trigger_type=taxonomy_seasoning08&filter_sub_category=seasoning"
  },
  {
    "category":"sauce",
    "product_name":"HIGETA Honzen Specially selected soy sauce 200 ml",
    "price":8.99,
    "unit_price":"$0.04\/ml",
    "sales_count":null,
    "image_url":"https:\/\/img08.weeecdn.net\/item\/image\/716\/856\/25B991A5842C5F22.jpeg!c560x560_q80.auto",
    "source_url":"https:\/\/www.sayweee.com\/en\/category\/seasoning08\/Soy-Sauce?page=1&offset=0&filters=%7B%22catalogue_num%22%3A%22seasoning08%22%7D&trigger_type=taxonomy_seasoning08&filter_sub_category=seasoning"
  },
  {
    "category":"sauce",
    "product_name":"MARUNAKA'S SOY SAUCE 150 ml",
    "price":23.4,
    "unit_price":"$0.15\/ml",
    "sales_count":null,
    "image_url":"https:\/\/img08.weeecdn.net\/item\/image\/470\/713\/3453A9E523147166.png!c560x560_q80.auto",
    "source_url":"https:\/\/www.sayweee.com\/en\/category\/seasoning08\/Soy-Sauce?page=1&offset=0&filters=%7B%22catalogue_num%22%3A%22seasoning08%22%7D&trigger_type=taxonomy_seasoning08&filter_sub_category=seasoning"
  },
  {
    "category":"sauce",
    "product_name":"WASANBON SWEET SOY SAUCE 100 ml",
    "price":19.8,
    "unit_price":"$0.19\/ml",
    "sales_count":null,
    "image_url":"https:\/\/img08.weeecdn.net\/item\/image\/837\/115\/18551AE1F1452C14.jpeg!c560x560_q80.auto",
    "source_url":"https:\/\/www.sayweee.com\/en\/category\/seasoning08\/Soy-Sauce?page=1&offset=0&filters=%7B%22catalogue_num%22%3A%22seasoning08%22%7D&trigger_type=taxonomy_seasoning08&filter_sub_category=seasoning"
  },
  {
    "category":"sauce",
    "product_name":"YUZU PONZU 300 ml",
    "price":15.6,
    "unit_price":"$0.05\/ml",
    "sales_count":null,
    "image_url":"https:\/\/img08.weeecdn.net\/item\/image\/071\/839\/5269BF20E34ECFD.jpeg!c560x560_q80.auto",
    "source_url":"https:\/\/www.sayweee.com\/en\/category\/seasoning08\/Soy-Sauce?page=1&offset=0&filters=%7B%22catalogue_num%22%3A%22seasoning08%22%7D&trigger_type=taxonomy_seasoning08&filter_sub_category=seasoning"
  },
  {
    "category":"sauce",
    "product_name":"MARUNAKA’S SOY SAUCE (300ml) 300 ml",
    "price":36.0,
    "unit_price":"$0.12\/ml",
    "sales_count":null,
    "image_url":"https:\/\/img08.weeecdn.net\/item\/image\/470\/713\/5535A7B2D260E666.png!c560x560_q80.auto",
    "source_url":"https:\/\/www.sayweee.com\/en\/category\/seasoning08\/Soy-Sauce?page=1&offset=0&filters=%7B%22catalogue_num%22%3A%22seasoning08%22%7D&trigger_type=taxonomy_seasoning08&filter_sub_category=seasoning"
  },
  {
    "category":"sauce",
    "product_name":"Taiwan Pingtung Tech University Lower Sodium Soy Sauce 710 ml",
    "price":26.55,
    "unit_price":"$0.03\/ml",
    "sales_count":null,
    "image_url":"https:\/\/img08.weeecdn.net\/item\/image\/068\/563\/29A54F015F08700.jpeg!c560x560_q80.auto",
    "source_url":"https:\/\/www.sayweee.com\/en\/category\/seasoning08\/Soy-Sauce?page=1&offset=0&filters=%7B%22catalogue_num%22%3A%22seasoning08%22%7D&trigger_type=taxonomy_seasoning08&filter_sub_category=seasoning"
  },
  {
    "category":"sauce",
    "product_name":"Taiwan Pingtung Tech University Lower Sodium Thick Soy Sauce 560 g",
    "price":26.55,
    "unit_price":"$0.04\/g",
    "sales_count":null,
    "image_url":"https:\/\/img08.weeecdn.net\/item\/image\/105\/392\/7B0A7A84EB3E37A.jpeg!c560x560_q80.auto",
    "source_url":"https:\/\/www.sayweee.com\/en\/category\/seasoning08\/Soy-Sauce?page=1&offset=0&filters=%7B%22catalogue_num%22%3A%22seasoning08%22%7D&trigger_type=taxonomy_seasoning08&filter_sub_category=seasoning"
  },
  {
    "category":"sauce",
    "product_name":"Marukome Plus Shinsei Soy Sauce Koji 8 Packs 1770 g",
    "price":53.49,
    "unit_price":"$0.03\/g",
    "sales_count":null,
    "image_url":"https:\/\/img08.weeecdn.net\/item\/image\/574\/725\/2E8B5D61C4D9DB32.jpeg!c560x560_q80.auto",
    "source_url":"https:\/\/www.sayweee.com\/en\/category\/seasoning08\/Soy-Sauce?page=1&offset=0&filters=%7B%22catalogue_num%22%3A%22seasoning08%22%7D&trigger_type=taxonomy_seasoning08&filter_sub_category=seasoning"
  },
  {
    "category":"sauce",
    "product_name":"Kikkoman Oyster Stock Soy Sauce 450ml 1 each",
    "price":12.59,
    "unit_price":"nan",
    "sales_count":null,
    "image_url":"https:\/\/img08.weeecdn.net\/item\/image\/045\/548\/27FF0191EC665C54.jpeg!c560x560_q80.auto",
    "source_url":"https:\/\/www.sayweee.com\/en\/category\/seasoning08\/Soy-Sauce?page=1&offset=0&filters=%7B%22catalogue_num%22%3A%22seasoning08%22%7D&trigger_type=taxonomy_seasoning08&filter_sub_category=seasoning"
  },
  {
    "category":"sauce",
    "product_name":"Soy Sauce - Red, 1L",
    "price":9.79,
    "unit_price":"nan",
    "sales_count":100.0,
    "image_url":"https:\/\/img08.weeecdn.net\/product\/image\/628\/344\/632E9A4E62604CFB.png!c560x560_q80.auto",
    "source_url":"https:\/\/www.sayweee.com\/en\/category\/seasoning08\/Soy-Sauce?page=1&offset=0&filters=%7B%22catalogue_num%22%3A%22seasoning08%22%7D&trigger_type=taxonomy_seasoning08&filter_sub_category=seasoning"
  },
  {
    "category":"sauce",
    "product_name":"DYB Golden Smile Naturally Brewed Soy Sauce 500 ml",
    "price":24.99,
    "unit_price":"$1.47\/fl.oz",
    "sales_count":null,
    "image_url":"https:\/\/img08.weeecdn.net\/item\/image\/752\/421\/1B7B003421E6E474.jpg!c560x560_q80.auto",
    "source_url":"https:\/\/www.sayweee.com\/en\/category\/seasoning08\/Soy-Sauce?page=1&offset=0&filters=%7B%22catalogue_num%22%3A%22seasoning08%22%7D&trigger_type=taxonomy_seasoning08&filter_sub_category=seasoning"
  },
  {
    "category":"sauce",
    "product_name":"[Nam Duong] Thick Soy Sauce 500ml x3 16.96 oz",
    "price":9.99,
    "unit_price":"$0.58\/oz",
    "sales_count":null,
    "image_url":"https:\/\/img08.weeecdn.net\/item\/image\/645\/243\/7F0DD23161F6546F.png.jpeg!c560x560_q80.auto",
    "source_url":"https:\/\/www.sayweee.com\/en\/category\/seasoning08\/Soy-Sauce?page=1&offset=0&filters=%7B%22catalogue_num%22%3A%22seasoning08%22%7D&trigger_type=taxonomy_seasoning08&filter_sub_category=seasoning"
  },
  {
    "category":"sauce",
    "product_name":"Higashimaru Premium Whole Soybean Light Soy 400ml 1 each",
    "price":15.39,
    "unit_price":"nan",
    "sales_count":null,
    "image_url":"https:\/\/img08.weeecdn.net\/item\/image\/814\/706\/1BF270757BEBB90E.jpeg!c560x560_q80.auto",
    "source_url":"https:\/\/www.sayweee.com\/en\/category\/seasoning08\/Soy-Sauce?page=1&offset=0&filters=%7B%22catalogue_num%22%3A%22seasoning08%22%7D&trigger_type=taxonomy_seasoning08&filter_sub_category=seasoning"
  },
  {
    "category":"sauce",
    "product_name":"Vegan Taiwan Leezen Organic Oyster Sauce 1 bottle",
    "price":18.0,
    "unit_price":"nan",
    "sales_count":null,
    "image_url":"https:\/\/img08.weeecdn.net\/item\/image\/549\/228\/588FCCE3DCEF3E93.jpeg!c560x560_q80.auto",
    "source_url":"https:\/\/www.sayweee.com\/en\/category\/seasoning08\/Soy-Sauce?page=1&offset=0&filters=%7B%22catalogue_num%22%3A%22seasoning08%22%7D&trigger_type=taxonomy_seasoning08&filter_sub_category=seasoning"
  },
  {
    "category":"sauce",
    "product_name":"Donggu soybean soy sauce light soy sauce*1 bottle 650 ml",
    "price":32.9,
    "unit_price":"$0.05\/ml",
    "sales_count":null,
    "image_url":"https:\/\/img08.weeecdn.net\/item\/image\/098\/173\/120BADD52F583972.webp!c560x560_q80.auto",
    "source_url":"https:\/\/www.sayweee.com\/en\/category\/seasoning08\/Soy-Sauce?page=1&offset=0&filters=%7B%22catalogue_num%22%3A%22seasoning08%22%7D&trigger_type=taxonomy_seasoning08&filter_sub_category=seasoning"
  },
  {
    "category":"sauce",
    "product_name":"Kikkoman Always Fresh Pea Soy Sauce 200ml 1 each",
    "price":16.79,
    "unit_price":"nan",
    "sales_count":null,
    "image_url":"https:\/\/img08.weeecdn.net\/item\/image\/230\/438\/4FE2EEA59CB0824.jpeg!c560x560_q80.auto",
    "source_url":"https:\/\/www.sayweee.com\/en\/category\/seasoning08\/Soy-Sauce?page=1&offset=0&filters=%7B%22catalogue_num%22%3A%22seasoning08%22%7D&trigger_type=taxonomy_seasoning08&filter_sub_category=seasoning"
  },
  {
    "category":"sauce",
    "product_name":"Best Quality Superior Soy Sauce*1 bottle 1280 g",
    "price":72.9,
    "unit_price":"$0.05\/g",
    "sales_count":null,
    "image_url":"https:\/\/img08.weeecdn.net\/item\/image\/668\/630\/3DB3B30A4021BBA4.webp!c560x560_q80.auto",
    "source_url":"https:\/\/www.sayweee.com\/en\/category\/seasoning08\/Soy-Sauce?page=1&offset=0&filters=%7B%22catalogue_num%22%3A%22seasoning08%22%7D&trigger_type=taxonomy_seasoning08&filter_sub_category=seasoning"
  },
  {
    "category":"sauce",
    "product_name":"Kikkoman Always Fresh Oyster Dashi Soy Sauce 450 ml",
    "price":10.88,
    "unit_price":"nan",
    "sales_count":null,
    "image_url":"https:\/\/img08.weeecdn.net\/item\/image\/581\/863\/59446040E958568A.jpeg!c560x560_q80.auto",
    "source_url":"https:\/\/www.sayweee.com\/en\/category\/seasoning08\/Soy-Sauce?page=1&offset=0&filters=%7B%22catalogue_num%22%3A%22seasoning08%22%7D&trigger_type=taxonomy_seasoning08&filter_sub_category=seasoning"
  },
  {
    "category":"sauce",
    "product_name":"Ichibiki Wheat-Free Whole Soy Sauce 200mL 1 each",
    "price":11.19,
    "unit_price":"nan",
    "sales_count":null,
    "image_url":"https:\/\/img08.weeecdn.net\/item\/image\/201\/362\/774DEAA728CABFBC.jpeg!c560x560_q80.auto",
    "source_url":"https:\/\/www.sayweee.com\/en\/category\/seasoning08\/Soy-Sauce?page=1&offset=0&filters=%7B%22catalogue_num%22%3A%22seasoning08%22%7D&trigger_type=taxonomy_seasoning08&filter_sub_category=seasoning"
  },
  {
    "category":"sauce",
    "product_name":"MONGGO Spicy Soy Sauce Mild 11.64 oz",
    "price":4.49,
    "unit_price":"$0.38\/oz",
    "sales_count":null,
    "image_url":"https:\/\/img08.weeecdn.net\/product\/image\/393\/320\/1C78570A5FD5FD11.png!c560x560_q80.auto",
    "source_url":"https:\/\/www.sayweee.com\/en\/category\/seasoning08\/Soy-Sauce?page=1&offset=0&filters=%7B%22catalogue_num%22%3A%22seasoning08%22%7D&trigger_type=taxonomy_seasoning08&filter_sub_category=seasoning"
  },
  {
    "category":"sauce",
    "product_name":"[ Tam Thai Tu ] Soy Sauce Combo 3 Bottles 22.88 oz",
    "price":14.99,
    "unit_price":"$0.65\/oz",
    "sales_count":null,
    "image_url":"https:\/\/img08.weeecdn.net\/item\/image\/657\/973\/79BDB89DD9D81D7A.png.jpeg!c560x560_q80.auto",
    "source_url":"https:\/\/www.sayweee.com\/en\/category\/seasoning08\/Soy-Sauce?page=1&offset=0&filters=%7B%22catalogue_num%22%3A%22seasoning08%22%7D&trigger_type=taxonomy_seasoning08&filter_sub_category=seasoning"
  },
  {
    "category":"sauce",
    "product_name":"Fukuyama Tomoe Hokkaido Whole Soy Sauce 450ml 1 each",
    "price":19.59,
    "unit_price":"nan",
    "sales_count":null,
    "image_url":"https:\/\/img08.weeecdn.net\/item\/image\/190\/176\/3BB0E91AF334233C.jpeg!c560x560_q80.auto",
    "source_url":"https:\/\/www.sayweee.com\/en\/category\/seasoning08\/Soy-Sauce?page=1&offset=0&filters=%7B%22catalogue_num%22%3A%22seasoning08%22%7D&trigger_type=taxonomy_seasoning08&filter_sub_category=seasoning"
  },
  {
    "category":"sauce",
    "product_name":"Joy Spring Organic Pure Wheat Soy Sauce 1 each",
    "price":15.99,
    "unit_price":"nan",
    "sales_count":null,
    "image_url":"https:\/\/img08.weeecdn.net\/item\/image\/616\/800\/C145CDE46A34B99.jpeg!c560x560_q80.auto",
    "source_url":"https:\/\/www.sayweee.com\/en\/category\/seasoning08\/Soy-Sauce?page=1&offset=0&filters=%7B%22catalogue_num%22%3A%22seasoning08%22%7D&trigger_type=taxonomy_seasoning08&filter_sub_category=seasoning"
  },
  {
    "category":"sauce",
    "product_name":"Xiao Chu cold dressing *1 bottle 235 ml",
    "price":18.9,
    "unit_price":"$0.08\/ml",
    "sales_count":null,
    "image_url":"https:\/\/img08.weeecdn.net\/item\/image\/749\/607\/7B66C2B691E6BD73.webp!c560x560_q80.auto",
    "source_url":"https:\/\/www.sayweee.com\/en\/category\/seasoning08\/Soy-Sauce?page=1&offset=0&filters=%7B%22catalogue_num%22%3A%22seasoning08%22%7D&trigger_type=taxonomy_seasoning08&filter_sub_category=seasoning"
  },
  {
    "category":"sauce",
    "product_name":"Morita Marukin Shodoshima Soy Wooden Bucket 200ml 1 each",
    "price":13.99,
    "unit_price":"nan",
    "sales_count":null,
    "image_url":"https:\/\/img08.weeecdn.net\/item\/image\/835\/522\/784BB8FEF70C774A.jpeg!c560x560_q80.auto",
    "source_url":"https:\/\/www.sayweee.com\/en\/category\/seasoning08\/Soy-Sauce?page=1&offset=0&filters=%7B%22catalogue_num%22%3A%22seasoning08%22%7D&trigger_type=taxonomy_seasoning08&filter_sub_category=seasoning"
  },
  {
    "category":"sauce",
    "product_name":"Golden Mountain Seasoning Sauce 20 oz 1 each",
    "price":4.79,
    "unit_price":"nan",
    "sales_count":null,
    "image_url":"https:\/\/img08.weeecdn.net\/item\/image\/940\/153\/F27B4A248D9547C.png!c560x560_q80.auto",
    "source_url":"https:\/\/www.sayweee.com\/en\/category\/seasoning08\/Soy-Sauce?page=1&offset=0&filters=%7B%22catalogue_num%22%3A%22seasoning08%22%7D&trigger_type=taxonomy_seasoning08&filter_sub_category=seasoning"
  },
  {
    "category":"sauce",
    "product_name":"Merci Vegetarian Seasoning Soya Sauce 1 each",
    "price":8.99,
    "unit_price":"nan",
    "sales_count":null,
    "image_url":"https:\/\/img08.weeecdn.net\/item\/image\/461\/412\/7A7E83DBC8CEFBEB.png.jpeg!c560x560_q80.auto",
    "source_url":"https:\/\/www.sayweee.com\/en\/category\/seasoning08\/Soy-Sauce?page=1&offset=0&filters=%7B%22catalogue_num%22%3A%22seasoning08%22%7D&trigger_type=taxonomy_seasoning08&filter_sub_category=seasoning"
  },
  {
    "category":"sauce",
    "product_name":"Fundokin Soy Sauce Yabongi Barrel Soy Sauce 150mL 1 each",
    "price":15.39,
    "unit_price":"nan",
    "sales_count":null,
    "image_url":"https:\/\/img08.weeecdn.net\/item\/image\/601\/907\/6AE9D054C1F3FA82.jpeg!c560x560_q80.auto",
    "source_url":"https:\/\/www.sayweee.com\/en\/category\/seasoning08\/Soy-Sauce?page=1&offset=0&filters=%7B%22catalogue_num%22%3A%22seasoning08%22%7D&trigger_type=taxonomy_seasoning08&filter_sub_category=seasoning"
  },
  {
    "category":"sauce",
    "product_name":"150mL*1 bottle of Mikukumi soy sauce 150 ml",
    "price":13.55,
    "unit_price":"$0.09\/ml",
    "sales_count":null,
    "image_url":"https:\/\/img08.weeecdn.net\/item\/image\/062\/614\/A5B6BA3DBFFFF1.webp!c560x560_q80.auto",
    "source_url":"https:\/\/www.sayweee.com\/en\/category\/seasoning08\/Soy-Sauce?page=1&offset=0&filters=%7B%22catalogue_num%22%3A%22seasoning08%22%7D&trigger_type=taxonomy_seasoning08&filter_sub_category=seasoning"
  },
  {
    "category":"sauce",
    "product_name":"Nam Duong Premium Soy Sauce 16.9 oz",
    "price":2.51,
    "unit_price":"$0.14\/oz",
    "sales_count":null,
    "image_url":"https:\/\/img08.weeecdn.net\/item\/image\/522\/585\/50D41A6660285154.png.jpeg!c560x560_q80.auto",
    "source_url":"https:\/\/www.sayweee.com\/en\/category\/seasoning08\/Soy-Sauce?page=1&offset=0&filters=%7B%22catalogue_num%22%3A%22seasoning08%22%7D&trigger_type=taxonomy_seasoning08&filter_sub_category=seasoning"
  },
  {
    "category":"sauce",
    "product_name":"Lee Kum Kee Lightly Salted Soy Sauce 500 ml",
    "price":26.73,
    "unit_price":"$0.05\/ml",
    "sales_count":null,
    "image_url":"https:\/\/img08.weeecdn.net\/item\/image\/713\/482\/5E36CBA2BEDDFB52.jpeg!c560x560_q80.auto",
    "source_url":"https:\/\/www.sayweee.com\/en\/category\/seasoning08\/Soy-Sauce?page=1&offset=0&filters=%7B%22catalogue_num%22%3A%22seasoning08%22%7D&trigger_type=taxonomy_seasoning08&filter_sub_category=seasoning"
  },
  {
    "category":"sauce",
    "product_name":"DYB Golden Black Naturally Brewed Soy Sauce 500 ml",
    "price":22.0,
    "unit_price":"$0.04\/ml",
    "sales_count":null,
    "image_url":"https:\/\/img08.weeecdn.net\/item\/image\/106\/773\/5150ED7622EDD284.png!c560x560_q80.auto",
    "source_url":"https:\/\/www.sayweee.com\/en\/category\/seasoning08\/Soy-Sauce?page=1&offset=0&filters=%7B%22catalogue_num%22%3A%22seasoning08%22%7D&trigger_type=taxonomy_seasoning08&filter_sub_category=seasoning"
  },
  {
    "category":"sauce",
    "product_name":"Ofukuro Organic Baby Dashi Soy Sauce 100g 1 bottle",
    "price":6.64,
    "unit_price":"nan",
    "sales_count":null,
    "image_url":"https:\/\/img08.weeecdn.net\/item\/image\/162\/834\/3339FD47DCA7977F.jpeg!c560x560_q80.auto",
    "source_url":"https:\/\/www.sayweee.com\/en\/category\/seasoning08\/Soy-Sauce?page=1&offset=0&filters=%7B%22catalogue_num%22%3A%22seasoning08%22%7D&trigger_type=taxonomy_seasoning08&filter_sub_category=seasoning"
  },
  {
    "category":"sauce",
    "product_name":"Ice oil premium soy sauce 0 added preservatives 200 ml",
    "price":29.05,
    "unit_price":"$0.14\/ml",
    "sales_count":null,
    "image_url":"https:\/\/img08.weeecdn.net\/item\/image\/902\/112\/21699354D1C6E075.jpeg!c560x560_q80.auto",
    "source_url":"https:\/\/www.sayweee.com\/en\/category\/seasoning08\/Soy-Sauce?page=1&offset=0&filters=%7B%22catalogue_num%22%3A%22seasoning08%22%7D&trigger_type=taxonomy_seasoning08&filter_sub_category=seasoning"
  },
  {
    "category":"sauce",
    "product_name":"Yongtai Fried Rice Noodle Soy Sauce 150ml 150 ml",
    "price":13.87,
    "unit_price":"$0.09\/ml",
    "sales_count":null,
    "image_url":"https:\/\/img08.weeecdn.net\/item\/image\/965\/620\/408CE2668D643918.jpeg!c560x560_q80.auto",
    "source_url":"https:\/\/www.sayweee.com\/en\/category\/seasoning08\/Soy-Sauce?page=1&offset=0&filters=%7B%22catalogue_num%22%3A%22seasoning08%22%7D&trigger_type=taxonomy_seasoning08&filter_sub_category=seasoning"
  },
  {
    "category":"sauce",
    "product_name":"Knorr Liquid Seasoning Original Soy Sauce 8.45 fl.oz",
    "price":3.59,
    "unit_price":"$0.42\/fl.oz",
    "sales_count":null,
    "image_url":"https:\/\/img08.weeecdn.net\/item\/image\/250\/214\/5687C1ADD3C6CA05.png.jpeg!c560x560_q80.auto",
    "source_url":"https:\/\/www.sayweee.com\/en\/category\/seasoning08\/Soy-Sauce?page=1&offset=0&filters=%7B%22catalogue_num%22%3A%22seasoning08%22%7D&trigger_type=taxonomy_seasoning08&filter_sub_category=seasoning"
  },
  {
    "category":"sauce",
    "product_name":"Xue Taifeng's premium soy sauce 500ml 500 ml",
    "price":46.26,
    "unit_price":"$0.09\/ml",
    "sales_count":null,
    "image_url":"https:\/\/img08.weeecdn.net\/item\/image\/990\/153\/555AC6573B4258FE.jpeg!c560x560_q80.auto",
    "source_url":"https:\/\/www.sayweee.com\/en\/category\/seasoning08\/Soy-Sauce?page=1&offset=0&filters=%7B%22catalogue_num%22%3A%22seasoning08%22%7D&trigger_type=taxonomy_seasoning08&filter_sub_category=seasoning"
  },
  {
    "category":"sauce",
    "product_name":"DYB  Soy Sauce\/Black Bean 500 ml",
    "price":22.0,
    "unit_price":"$0.04\/ml",
    "sales_count":null,
    "image_url":"https:\/\/img08.weeecdn.net\/item\/image\/812\/453\/426F578150B1BECD.png!c560x560_q80.auto",
    "source_url":"https:\/\/www.sayweee.com\/en\/category\/seasoning08\/Soy-Sauce?page=1&offset=0&filters=%7B%22catalogue_num%22%3A%22seasoning08%22%7D&trigger_type=taxonomy_seasoning08&filter_sub_category=seasoning"
  },
  {
    "category":"sauce",
    "product_name":"Haitian soy sauce 350ml *1 bag 350 ml",
    "price":18.99,
    "unit_price":"$0.05\/ml",
    "sales_count":null,
    "image_url":"https:\/\/img08.weeecdn.net\/item\/image\/220\/581\/584C860965730229.jpeg!c560x560_q80.auto",
    "source_url":"https:\/\/www.sayweee.com\/en\/category\/seasoning08\/Soy-Sauce?page=1&offset=0&filters=%7B%22catalogue_num%22%3A%22seasoning08%22%7D&trigger_type=taxonomy_seasoning08&filter_sub_category=seasoning"
  },
  {
    "category":"sauce",
    "product_name":"Matsutake mushroom soy sauce add 0 preservatives 200 ml",
    "price":29.05,
    "unit_price":"$0.14\/ml",
    "sales_count":null,
    "image_url":"https:\/\/img08.weeecdn.net\/item\/image\/117\/024\/4AD3659F6F44401C.jpeg!c560x560_q80.auto",
    "source_url":"https:\/\/www.sayweee.com\/en\/category\/seasoning08\/Soy-Sauce?page=1&offset=0&filters=%7B%22catalogue_num%22%3A%22seasoning08%22%7D&trigger_type=taxonomy_seasoning08&filter_sub_category=seasoning"
  },
  {
    "category":"sauce",
    "product_name":"[Tam Thai Tu] Thick Soy Sauce Dipping 22.88oz 1 count",
    "price":6.99,
    "unit_price":"nan",
    "sales_count":null,
    "image_url":"https:\/\/img08.weeecdn.net\/item\/image\/573\/832\/4C60061D66F95443.png.jpeg!c560x560_q80.auto",
    "source_url":"https:\/\/www.sayweee.com\/en\/category\/seasoning08\/Soy-Sauce?page=1&offset=0&filters=%7B%22catalogue_num%22%3A%22seasoning08%22%7D&trigger_type=taxonomy_seasoning08&filter_sub_category=seasoning"
  },
  {
    "category":"sauce",
    "product_name":"Nam Duong Condensed Soy Sauce 500 ml",
    "price":2.87,
    "unit_price":"nan",
    "sales_count":null,
    "image_url":"https:\/\/img08.weeecdn.net\/item\/image\/711\/189\/63DF32BD77068F5F.png.jpeg!c560x560_q80.auto",
    "source_url":"https:\/\/www.sayweee.com\/en\/category\/seasoning08\/Soy-Sauce?page=1&offset=0&filters=%7B%22catalogue_num%22%3A%22seasoning08%22%7D&trigger_type=taxonomy_seasoning08&filter_sub_category=seasoning"
  },
  {
    "category":"sauce",
    "product_name":"Light salt special brewed premium soy sauce 500ml 500 ml",
    "price":46.26,
    "unit_price":"$0.09\/ml",
    "sales_count":null,
    "image_url":"https:\/\/img08.weeecdn.net\/item\/image\/238\/971\/6226BDFA0BA54701.jpeg!c560x560_q80.auto",
    "source_url":"https:\/\/www.sayweee.com\/en\/category\/seasoning08\/Soy-Sauce?page=1&offset=0&filters=%7B%22catalogue_num%22%3A%22seasoning08%22%7D&trigger_type=taxonomy_seasoning08&filter_sub_category=seasoning"
  },
  {
    "category":"sauce",
    "product_name":"Golden Ponzu Soy Sauce 200ml 200 ml",
    "price":22.99,
    "unit_price":"$0.11\/ml",
    "sales_count":null,
    "image_url":"https:\/\/img08.weeecdn.net\/item\/image\/860\/631\/520664F6B2610818.png!c560x560_q80.auto",
    "source_url":"https:\/\/www.sayweee.com\/en\/category\/seasoning08\/Soy-Sauce?page=1&offset=0&filters=%7B%22catalogue_num%22%3A%22seasoning08%22%7D&trigger_type=taxonomy_seasoning08&filter_sub_category=seasoning"
  },
  {
    "category":"sauce",
    "product_name":"Haitian Organic Soy Sauce 100ml*1 bottle 100 ml",
    "price":6.45,
    "unit_price":"$0.06\/ml",
    "sales_count":null,
    "image_url":"https:\/\/img08.weeecdn.net\/item\/image\/340\/064\/3358CB38526C1E3B.jpeg!c560x560_q80.auto",
    "source_url":"https:\/\/www.sayweee.com\/en\/category\/seasoning08\/Soy-Sauce?page=1&offset=0&filters=%7B%22catalogue_num%22%3A%22seasoning08%22%7D&trigger_type=taxonomy_seasoning08&filter_sub_category=seasoning"
  },
  {
    "category":"sauce",
    "product_name":"Bio Marche Organic Soy Sauce 720mL 1 each",
    "price":58.79,
    "unit_price":"nan",
    "sales_count":null,
    "image_url":"https:\/\/img08.weeecdn.net\/item\/image\/197\/089\/2C88364B695D7C3B.jpeg!c560x560_q80.auto",
    "source_url":"https:\/\/www.sayweee.com\/en\/category\/seasoning08\/Soy-Sauce?page=1&offset=0&filters=%7B%22catalogue_num%22%3A%22seasoning08%22%7D&trigger_type=taxonomy_seasoning08&filter_sub_category=seasoning"
  },
  {
    "category":"sauce",
    "product_name":"Kikkoman Soy Sauce Whole Bean in Squeeze Bottle 450 ml",
    "price":7.49,
    "unit_price":"$0.49\/fl.oz",
    "sales_count":null,
    "image_url":"https:\/\/img08.weeecdn.net\/product\/image\/424\/652\/37298D780032EAC7.png!c560x560_q80.auto",
    "source_url":"https:\/\/www.sayweee.com\/en\/category\/seasoning08\/Soy-Sauce?page=1&offset=0&filters=%7B%22catalogue_num%22%3A%22seasoning08%22%7D&trigger_type=taxonomy_seasoning08&filter_sub_category=seasoning"
  },
  {
    "category":"sauce",
    "product_name":"Yunnan specialty Jiangfengyuan Yuxi Old Sauce 400 g",
    "price":10.5,
    "unit_price":"nan",
    "sales_count":null,
    "image_url":"https:\/\/img08.weeecdn.net\/item\/image\/384\/845\/6C5BAA94CEC9902E.jpeg!c560x560_q80.auto",
    "source_url":"https:\/\/www.sayweee.com\/en\/category\/seasoning08\/Soy-Sauce?page=1&offset=0&filters=%7B%22catalogue_num%22%3A%22seasoning08%22%7D&trigger_type=taxonomy_seasoning08&filter_sub_category=seasoning"
  },
  {
    "category":"sauce",
    "product_name":"Fundokin Domestic Whole Soy Sauce 500ml 1 each",
    "price":26.59,
    "unit_price":"nan",
    "sales_count":null,
    "image_url":"https:\/\/img08.weeecdn.net\/item\/image\/390\/098\/337FA4FA7651BD71.jpeg!c560x560_q80.auto",
    "source_url":"https:\/\/www.sayweee.com\/en\/category\/seasoning08\/Soy-Sauce?page=1&offset=0&filters=%7B%22catalogue_num%22%3A%22seasoning08%22%7D&trigger_type=taxonomy_seasoning08&filter_sub_category=seasoning"
  },
  {
    "category":"sauce",
    "product_name":"Kelp Org. Soy Sauce 1 each",
    "price":17.99,
    "unit_price":"nan",
    "sales_count":null,
    "image_url":"https:\/\/img08.weeecdn.net\/item\/image\/759\/673\/36D668F939EBF994.jpeg!c560x560_q80.auto",
    "source_url":"https:\/\/www.sayweee.com\/en\/category\/seasoning08\/Soy-Sauce?page=1&offset=0&filters=%7B%22catalogue_num%22%3A%22seasoning08%22%7D&trigger_type=taxonomy_seasoning08&filter_sub_category=seasoning"
  },
  {
    "category":"sauce",
    "product_name":"Chinsu Soy Sauce with Garlic and Chili 8.5 fl.oz",
    "price":3.31,
    "unit_price":"$0.38\/fl.oz",
    "sales_count":null,
    "image_url":"https:\/\/img08.weeecdn.net\/item\/image\/618\/129\/4C91EA8AC1365E0F.png.jpeg!c560x560_q80.auto",
    "source_url":"https:\/\/www.sayweee.com\/en\/category\/seasoning08\/Soy-Sauce?page=1&offset=0&filters=%7B%22catalogue_num%22%3A%22seasoning08%22%7D&trigger_type=taxonomy_seasoning08&filter_sub_category=seasoning"
  },
  {
    "category":"sauce",
    "product_name":"Fundokin Sweet Miso Stir-fry Sauce 350g 1 each",
    "price":11.54,
    "unit_price":"nan",
    "sales_count":null,
    "image_url":"https:\/\/img08.weeecdn.net\/item\/image\/106\/729\/6C6F88AC13369151.jpeg!c560x560_q80.auto",
    "source_url":"https:\/\/www.sayweee.com\/en\/category\/seasoning08\/Soy-Sauce?page=1&offset=0&filters=%7B%22catalogue_num%22%3A%22seasoning08%22%7D&trigger_type=taxonomy_seasoning08&filter_sub_category=seasoning"
  },
  {
    "category":"sauce",
    "product_name":"Chinsu Tam Thai Tu Soy Sauce 22 fl.oz",
    "price":6.3,
    "unit_price":"$0.28\/fl.oz",
    "sales_count":null,
    "image_url":"https:\/\/img08.weeecdn.net\/item\/image\/905\/312\/39EC646DAF68CEEC.png.jpeg!c560x560_q80.auto",
    "source_url":"https:\/\/www.sayweee.com\/en\/category\/seasoning08\/Soy-Sauce?page=1&offset=0&filters=%7B%22catalogue_num%22%3A%22seasoning08%22%7D&trigger_type=taxonomy_seasoning08&filter_sub_category=seasoning"
  },
  {
    "category":"sauce",
    "product_name":"Ichibiki additive-free Japanese soy sauce 500ml 1 each",
    "price":15.39,
    "unit_price":"nan",
    "sales_count":null,
    "image_url":"https:\/\/img08.weeecdn.net\/item\/image\/480\/278\/81F7748C68DBFF6.jpeg!c560x560_q80.auto",
    "source_url":"https:\/\/www.sayweee.com\/en\/category\/seasoning08\/Soy-Sauce?page=1&offset=0&filters=%7B%22catalogue_num%22%3A%22seasoning08%22%7D&trigger_type=taxonomy_seasoning08&filter_sub_category=seasoning"
  },
  {
    "category":"sauce",
    "product_name":"Marca Pina Soy Sauce 33.8 oz",
    "price":5.79,
    "unit_price":"$0.17\/oz",
    "sales_count":null,
    "image_url":"https:\/\/img08.weeecdn.net\/item\/image\/677\/994\/641A8379BE47E19E.jpg!c560x560_q80.auto",
    "source_url":"https:\/\/www.sayweee.com\/en\/category\/seasoning08\/Soy-Sauce?page=1&offset=0&filters=%7B%22catalogue_num%22%3A%22seasoning08%22%7D&trigger_type=taxonomy_seasoning08&filter_sub_category=seasoning"
  },
  {
    "category":"sauce",
    "product_name":"YangMingYu Braised Chicken Sauce 120g*2 bags 1 each",
    "price":8.89,
    "unit_price":"nan",
    "sales_count":null,
    "image_url":"https:\/\/img08.weeecdn.net\/item\/image\/604\/544\/3736CCFC67A83D60.jpeg!c560x560_q80.auto",
    "source_url":"https:\/\/www.sayweee.com\/en\/category\/seasoning08\/Soy-Sauce?page=1&offset=0&filters=%7B%22catalogue_num%22%3A%22seasoning08%22%7D&trigger_type=taxonomy_seasoning08&filter_sub_category=seasoning"
  },
  {
    "category":"sauce",
    "product_name":"Yongtai soy sauce 150ml*2 brewed soy sauce 300 ml",
    "price":32.99,
    "unit_price":"$0.10\/ml",
    "sales_count":null,
    "image_url":"https:\/\/img08.weeecdn.net\/item\/image\/186\/790\/25610F6E9C934EDC.png.jpeg!c560x560_q80.auto",
    "source_url":"https:\/\/www.sayweee.com\/en\/category\/seasoning08\/Soy-Sauce?page=1&offset=0&filters=%7B%22catalogue_num%22%3A%22seasoning08%22%7D&trigger_type=taxonomy_seasoning08&filter_sub_category=seasoning"
  },
  {
    "category":"sauce",
    "product_name":"Takesan Freshly Squeezed Soy Sauce 200ml 1 each",
    "price":16.79,
    "unit_price":"nan",
    "sales_count":null,
    "image_url":"https:\/\/img08.weeecdn.net\/item\/image\/057\/536\/208F211E602D481.jpeg!c560x560_q80.auto",
    "source_url":"https:\/\/www.sayweee.com\/en\/category\/seasoning08\/Soy-Sauce?page=1&offset=0&filters=%7B%22catalogue_num%22%3A%22seasoning08%22%7D&trigger_type=taxonomy_seasoning08&filter_sub_category=seasoning"
  },
  {
    "category":"sauce",
    "product_name":"DYB Artisan Lite Naturally Brewed Soy Sauce 500 ml",
    "price":20.5,
    "unit_price":"$0.04\/ml",
    "sales_count":null,
    "image_url":"https:\/\/img08.weeecdn.net\/item\/image\/857\/861\/4C1D5CE94F71706B.png!c560x560_q80.auto",
    "source_url":"https:\/\/www.sayweee.com\/en\/category\/seasoning08\/Soy-Sauce?page=1&offset=0&filters=%7B%22catalogue_num%22%3A%22seasoning08%22%7D&trigger_type=taxonomy_seasoning08&filter_sub_category=seasoning"
  },
  {
    "category":"sauce",
    "product_name":"Mitsukan Tomita Garlic Soy Sauce 250ml 1 each",
    "price":23.49,
    "unit_price":"nan",
    "sales_count":null,
    "image_url":"https:\/\/img08.weeecdn.net\/item\/image\/932\/699\/7D129976C3F89B88.jpeg!c560x560_q80.auto",
    "source_url":"https:\/\/www.sayweee.com\/en\/category\/seasoning08\/Soy-Sauce?page=1&offset=0&filters=%7B%22catalogue_num%22%3A%22seasoning08%22%7D&trigger_type=taxonomy_seasoning08&filter_sub_category=seasoning"
  },
  {
    "category":"sauce",
    "product_name":"Shoda Soy Sauce Tosa Soy Sauce 400ml 1 each",
    "price":14.69,
    "unit_price":"nan",
    "sales_count":null,
    "image_url":"https:\/\/img08.weeecdn.net\/item\/image\/745\/328\/E6B38F8C8BCC8CE.jpeg!c560x560_q80.auto",
    "source_url":"https:\/\/www.sayweee.com\/en\/category\/seasoning08\/Soy-Sauce?page=1&offset=0&filters=%7B%22catalogue_num%22%3A%22seasoning08%22%7D&trigger_type=taxonomy_seasoning08&filter_sub_category=seasoning"
  },
  {
    "category":"sauce",
    "product_name":"Shinho Liuyuexian  Braised Soy Sauce 500 ml",
    "price":5.21,
    "unit_price":"nan",
    "sales_count":null,
    "image_url":"https:\/\/img08.weeecdn.net\/item\/image\/469\/526\/FC04E0C75BA785E.jpeg!c560x560_q80.auto",
    "source_url":"https:\/\/www.sayweee.com\/en\/category\/seasoning08\/Soy-Sauce?page=1&offset=0&filters=%7B%22catalogue_num%22%3A%22seasoning08%22%7D&trigger_type=taxonomy_seasoning08&filter_sub_category=seasoning"
  },
  {
    "category":"sauce",
    "product_name":"Yuzu no Mura Ponzu Soy Sauce 1000 ml",
    "price":67.49,
    "unit_price":"$0.06\/ml",
    "sales_count":null,
    "image_url":"https:\/\/img08.weeecdn.net\/item\/image\/174\/497\/558AA218377DF2AA.jpeg!c560x560_q80.auto",
    "source_url":"https:\/\/www.sayweee.com\/en\/category\/seasoning08\/Soy-Sauce?page=1&offset=0&filters=%7B%22catalogue_num%22%3A%22seasoning08%22%7D&trigger_type=taxonomy_seasoning08&filter_sub_category=seasoning"
  },
  {
    "category":"sauce",
    "product_name":"Shoda Soy Sauce for Salt-Conscious Taste 400ml 1 each",
    "price":13.64,
    "unit_price":"nan",
    "sales_count":null,
    "image_url":"https:\/\/img08.weeecdn.net\/item\/image\/698\/062\/72111E0482387D6D.jpeg!c560x560_q80.auto",
    "source_url":"https:\/\/www.sayweee.com\/en\/category\/seasoning08\/Soy-Sauce?page=1&offset=0&filters=%7B%22catalogue_num%22%3A%22seasoning08%22%7D&trigger_type=taxonomy_seasoning08&filter_sub_category=seasoning"
  },
  {
    "category":"sauce",
    "product_name":"Ching's Secret Dark Soy Sauce, 7 oz bottle 7 oz",
    "price":3.29,
    "unit_price":"$0.47\/oz",
    "sales_count":null,
    "image_url":"https:\/\/img08.weeecdn.net\/item\/image\/914\/766\/424D3855FE476C19.jpeg!c560x560_q80.auto",
    "source_url":"https:\/\/www.sayweee.com\/en\/category\/seasoning08\/Soy-Sauce?page=1&offset=0&filters=%7B%22catalogue_num%22%3A%22seasoning08%22%7D&trigger_type=taxonomy_seasoning08&filter_sub_category=seasoning"
  },
  {
    "category":"sauce",
    "product_name":"[CHIN-SU] 'Tam Thai Tu' Soy Sauce - 650 ml",
    "price":3.59,
    "unit_price":"nan",
    "sales_count":null,
    "image_url":"https:\/\/img08.weeecdn.net\/item\/image\/943\/967\/73CE46B5ABB3CFE4.png.jpeg!c560x560_q80.auto",
    "source_url":"https:\/\/www.sayweee.com\/en\/category\/seasoning08\/Soy-Sauce?page=1&offset=0&filters=%7B%22catalogue_num%22%3A%22seasoning08%22%7D&trigger_type=taxonomy_seasoning08&filter_sub_category=seasoning"
  },
  {
    "category":"sauce",
    "product_name":"Shoda Shoda Special Grade Soy Sauce 400ml 1 each",
    "price":9.44,
    "unit_price":"nan",
    "sales_count":null,
    "image_url":"https:\/\/img08.weeecdn.net\/item\/image\/902\/119\/189F6900FC8F63C1.jpeg!c560x560_q80.auto",
    "source_url":"https:\/\/www.sayweee.com\/en\/category\/seasoning08\/Soy-Sauce?page=1&offset=0&filters=%7B%22catalogue_num%22%3A%22seasoning08%22%7D&trigger_type=taxonomy_seasoning08&filter_sub_category=seasoning"
  },
  {
    "category":"sauce",
    "product_name":"Knorr Liquid Seasoning Sauce 8.50 fl oz 1 each",
    "price":3.14,
    "unit_price":"nan",
    "sales_count":null,
    "image_url":"https:\/\/img08.weeecdn.net\/item\/image\/431\/504\/137495278ED32FBB.png!c560x560_q80.auto",
    "source_url":"https:\/\/www.sayweee.com\/en\/category\/seasoning08\/Soy-Sauce?page=1&offset=0&filters=%7B%22catalogue_num%22%3A%22seasoning08%22%7D&trigger_type=taxonomy_seasoning08&filter_sub_category=seasoning"
  },
  {
    "category":"sauce",
    "product_name":"DYB Naturally Brewed Brown Soybean Soy Sauce 500 ml",
    "price":26.5,
    "unit_price":"$0.05\/ml",
    "sales_count":null,
    "image_url":"https:\/\/img08.weeecdn.net\/item\/image\/042\/450\/2E581EA3E5DADE3F.jpeg!c560x560_q80.auto",
    "source_url":"https:\/\/www.sayweee.com\/en\/category\/seasoning08\/Soy-Sauce?page=1&offset=0&filters=%7B%22catalogue_num%22%3A%22seasoning08%22%7D&trigger_type=taxonomy_seasoning08&filter_sub_category=seasoning"
  },
  {
    "category":"sauce",
    "product_name":"SHINHO Liuyuexian Premium Soy Sauce 500 ml",
    "price":5.21,
    "unit_price":"nan",
    "sales_count":null,
    "image_url":"https:\/\/img08.weeecdn.net\/item\/image\/413\/913\/41F345E7229C6DF0.jpeg!c560x560_q80.auto",
    "source_url":"https:\/\/www.sayweee.com\/en\/category\/seasoning08\/Soy-Sauce?page=1&offset=0&filters=%7B%22catalogue_num%22%3A%22seasoning08%22%7D&trigger_type=taxonomy_seasoning08&filter_sub_category=seasoning"
  },
  {
    "category":"sauce",
    "product_name":"Mushroom Vegetarian Oyster Sauce 300 ml",
    "price":10.5,
    "unit_price":"$0.03\/ml",
    "sales_count":null,
    "image_url":"https:\/\/img08.weeecdn.net\/item\/image\/520\/526\/177D9390E8451B9E.png!c560x560_q80.auto",
    "source_url":"https:\/\/www.sayweee.com\/en\/category\/seasoning08\/Soy-Sauce?page=1&offset=0&filters=%7B%22catalogue_num%22%3A%22seasoning08%22%7D&trigger_type=taxonomy_seasoning08&filter_sub_category=seasoning"
  },
  {
    "category":"sauce",
    "product_name":"Oyster Sauce (Pure Oyster & Salt) 120ml 2-Pack 120 g",
    "price":54.99,
    "unit_price":"$0.45\/g",
    "sales_count":null,
    "image_url":"https:\/\/img08.weeecdn.net\/item\/image\/221\/290\/7A1C4334AF4A0A06.jpeg!c560x560_q80.auto",
    "source_url":"https:\/\/www.sayweee.com\/en\/category\/seasoning08\/Soy-Sauce?page=1&offset=0&filters=%7B%22catalogue_num%22%3A%22seasoning08%22%7D&trigger_type=taxonomy_seasoning08&filter_sub_category=seasoning"
  },
  {
    "category":"sauce",
    "product_name":"Phoenix-ball mark: spicy fresh dew, cold sauce 460 g",
    "price":28.8,
    "unit_price":"$0.06\/g",
    "sales_count":null,
    "image_url":"https:\/\/img08.weeecdn.net\/item\/image\/485\/624\/795D8B646C2B41B8.webp!c560x560_q80.auto",
    "source_url":"https:\/\/www.sayweee.com\/en\/category\/seasoning08\/Soy-Sauce?page=1&offset=0&filters=%7B%22catalogue_num%22%3A%22seasoning08%22%7D&trigger_type=taxonomy_seasoning08&filter_sub_category=seasoning"
  },
  {
    "category":"sauce",
    "product_name":"Sukiyaki Soy Aauce Seasoning Sauce 330 ml",
    "price":8.99,
    "unit_price":"nan",
    "sales_count":null,
    "image_url":"https:\/\/img08.weeecdn.net\/item\/image\/406\/655\/3F34B50111395171.jpeg!c560x560_q80.auto",
    "source_url":"https:\/\/www.sayweee.com\/en\/category\/seasoning08\/Soy-Sauce?page=1&offset=0&filters=%7B%22catalogue_num%22%3A%22seasoning08%22%7D&trigger_type=taxonomy_seasoning08&filter_sub_category=seasoning"
  },
  {
    "category":"sauce",
    "product_name":"Maggi European Seasoning Sauce 200ml 1 each",
    "price":9.09,
    "unit_price":"nan",
    "sales_count":null,
    "image_url":"https:\/\/img08.weeecdn.net\/item\/image\/025\/659\/5A248EBDD9683236.png.jpeg!c560x560_q80.auto",
    "source_url":"https:\/\/www.sayweee.com\/en\/category\/seasoning08\/Soy-Sauce?page=1&offset=0&filters=%7B%22catalogue_num%22%3A%22seasoning08%22%7D&trigger_type=taxonomy_seasoning08&filter_sub_category=seasoning"
  },
  {
    "category":"sauce",
    "product_name":"Teraokake Egg Dish Soy Sauce Nori Flavoe 150 ml",
    "price":6.5,
    "unit_price":"$0.04\/ml",
    "sales_count":null,
    "image_url":"https:\/\/img08.weeecdn.net\/item\/image\/532\/557\/2254277D33A72804.png.jpeg!c560x560_q80.auto",
    "source_url":"https:\/\/www.sayweee.com\/en\/category\/seasoning08\/Soy-Sauce?page=1&offset=0&filters=%7B%22catalogue_num%22%3A%22seasoning08%22%7D&trigger_type=taxonomy_seasoning08&filter_sub_category=seasoning"
  },
  {
    "category":"sauce",
    "product_name":"HOKKAIDO JAPAN FUKUYAMA HIDAKA FOODS BABY SHOYU 100 ml",
    "price":7.8,
    "unit_price":"$0.07\/ml",
    "sales_count":null,
    "image_url":"https:\/\/img08.weeecdn.net\/item\/image\/988\/243\/6384518E9507008.jpeg!c560x560_q80.auto",
    "source_url":"https:\/\/www.sayweee.com\/en\/category\/seasoning08\/Soy-Sauce?page=1&offset=0&filters=%7B%22catalogue_num%22%3A%22seasoning08%22%7D&trigger_type=taxonomy_seasoning08&filter_sub_category=seasoning"
  },
  {
    "category":"sauce",
    "product_name":"KIKKOMAN 25% Cut Back On Salt Hokkaido Kombu Soy Sauce 200 ml",
    "price":8.99,
    "unit_price":"$0.04\/ml",
    "sales_count":null,
    "image_url":"https:\/\/img08.weeecdn.net\/item\/image\/457\/227\/554839A398D2AC3B.jpeg!c560x560_q80.auto",
    "source_url":"https:\/\/www.sayweee.com\/en\/category\/seasoning08\/Soy-Sauce?page=1&offset=0&filters=%7B%22catalogue_num%22%3A%22seasoning08%22%7D&trigger_type=taxonomy_seasoning08&filter_sub_category=seasoning"
  },
  {
    "category":"sauce",
    "product_name":"China Live House Soy Sauce Non-Gluten 250 ml",
    "price":11.95,
    "unit_price":"$0.04\/ml",
    "sales_count":null,
    "image_url":"https:\/\/img08.weeecdn.net\/item\/image\/228\/278\/258FDC6275054B9E.jpeg!c560x560_q80.auto",
    "source_url":"https:\/\/www.sayweee.com\/en\/category\/seasoning08\/Soy-Sauce?page=1&offset=0&filters=%7B%22catalogue_num%22%3A%22seasoning08%22%7D&trigger_type=taxonomy_seasoning08&filter_sub_category=seasoning"
  },
  {
    "category":"sauce",
    "product_name":"ODS Naturally Brewed All-purpose Soy Sauce 550 ml",
    "price":22.0,
    "unit_price":"$0.04\/ml",
    "sales_count":null,
    "image_url":"https:\/\/img08.weeecdn.net\/item\/image\/000\/670\/E3C961434ED7665.webp!c560x560_q80.auto",
    "source_url":"https:\/\/www.sayweee.com\/en\/category\/seasoning08\/Soy-Sauce?page=1&offset=0&filters=%7B%22catalogue_num%22%3A%22seasoning08%22%7D&trigger_type=taxonomy_seasoning08&filter_sub_category=seasoning"
  },
  {
    "category":"sauce",
    "product_name":"HIGETA Honzen Specially selected soy sauce 200 ml",
    "price":8.99,
    "unit_price":"$0.04\/ml",
    "sales_count":null,
    "image_url":"https:\/\/img08.weeecdn.net\/item\/image\/716\/856\/25B991A5842C5F22.jpeg!c560x560_q80.auto",
    "source_url":"https:\/\/www.sayweee.com\/en\/category\/seasoning08\/Soy-Sauce?page=1&offset=0&filters=%7B%22catalogue_num%22%3A%22seasoning08%22%7D&trigger_type=taxonomy_seasoning08&filter_sub_category=seasoning"
  },
  {
    "category":"sauce",
    "product_name":"MARUNAKA'S SOY SAUCE 150 ml",
    "price":23.4,
    "unit_price":"$0.15\/ml",
    "sales_count":null,
    "image_url":"https:\/\/img08.weeecdn.net\/item\/image\/470\/713\/3453A9E523147166.png!c560x560_q80.auto",
    "source_url":"https:\/\/www.sayweee.com\/en\/category\/seasoning08\/Soy-Sauce?page=1&offset=0&filters=%7B%22catalogue_num%22%3A%22seasoning08%22%7D&trigger_type=taxonomy_seasoning08&filter_sub_category=seasoning"
  },
  {
    "category":"sauce",
    "product_name":"WASANBON SWEET SOY SAUCE 100 ml",
    "price":19.8,
    "unit_price":"$0.19\/ml",
    "sales_count":null,
    "image_url":"https:\/\/img08.weeecdn.net\/item\/image\/837\/115\/18551AE1F1452C14.jpeg!c560x560_q80.auto",
    "source_url":"https:\/\/www.sayweee.com\/en\/category\/seasoning08\/Soy-Sauce?page=1&offset=0&filters=%7B%22catalogue_num%22%3A%22seasoning08%22%7D&trigger_type=taxonomy_seasoning08&filter_sub_category=seasoning"
  },
  {
    "category":"sauce",
    "product_name":"YUZU PONZU 300 ml",
    "price":15.6,
    "unit_price":"$0.05\/ml",
    "sales_count":null,
    "image_url":"https:\/\/img08.weeecdn.net\/item\/image\/071\/839\/5269BF20E34ECFD.jpeg!c560x560_q80.auto",
    "source_url":"https:\/\/www.sayweee.com\/en\/category\/seasoning08\/Soy-Sauce?page=1&offset=0&filters=%7B%22catalogue_num%22%3A%22seasoning08%22%7D&trigger_type=taxonomy_seasoning08&filter_sub_category=seasoning"
  },
  {
    "category":"sauce",
    "product_name":"MARUNAKA’S SOY SAUCE (300ml) 300 ml",
    "price":36.0,
    "unit_price":"$0.12\/ml",
    "sales_count":null,
    "image_url":"https:\/\/img08.weeecdn.net\/item\/image\/470\/713\/5535A7B2D260E666.png!c560x560_q80.auto",
    "source_url":"https:\/\/www.sayweee.com\/en\/category\/seasoning08\/Soy-Sauce?page=1&offset=0&filters=%7B%22catalogue_num%22%3A%22seasoning08%22%7D&trigger_type=taxonomy_seasoning08&filter_sub_category=seasoning"
  },
  {
    "category":"sauce",
    "product_name":"Taiwan Pingtung Tech University Lower Sodium Soy Sauce 710 ml",
    "price":26.55,
    "unit_price":"$0.03\/ml",
    "sales_count":null,
    "image_url":"https:\/\/img08.weeecdn.net\/item\/image\/068\/563\/29A54F015F08700.jpeg!c560x560_q80.auto",
    "source_url":"https:\/\/www.sayweee.com\/en\/category\/seasoning08\/Soy-Sauce?page=1&offset=0&filters=%7B%22catalogue_num%22%3A%22seasoning08%22%7D&trigger_type=taxonomy_seasoning08&filter_sub_category=seasoning"
  },
  {
    "category":"sauce",
    "product_name":"Taiwan Pingtung Tech University Lower Sodium Thick Soy Sauce 560 g",
    "price":26.55,
    "unit_price":"$0.04\/g",
    "sales_count":null,
    "image_url":"https:\/\/img08.weeecdn.net\/item\/image\/105\/392\/7B0A7A84EB3E37A.jpeg!c560x560_q80.auto",
    "source_url":"https:\/\/www.sayweee.com\/en\/category\/seasoning08\/Soy-Sauce?page=1&offset=0&filters=%7B%22catalogue_num%22%3A%22seasoning08%22%7D&trigger_type=taxonomy_seasoning08&filter_sub_category=seasoning"
  },
  {
    "category":"sauce",
    "product_name":"Specially Selected  Easy To Cook Refresh Oyster Sauce 95 g",
    "price":3.99,
    "unit_price":"$0.04\/g",
    "sales_count":null,
    "image_url":"https:\/\/img08.weeecdn.net\/item\/image\/716\/294\/6CD32E39738F4C1E.jpeg!c560x560_q80.auto",
    "source_url":"https:\/\/www.sayweee.com\/en\/category\/seasoning08\/Soy-Sauce?page=1&offset=0&filters=%7B%22catalogue_num%22%3A%22seasoning08%22%7D&trigger_type=taxonomy_seasoning08&filter_sub_category=seasoning"
  },
  {
    "category":"sauce",
    "product_name":"Taiwan Bag To Go! Taiwan Pingtung Tech University Lower Sodium Soy Sauce Bundle 2990 g",
    "price":169.2,
    "unit_price":"$0.05\/g",
    "sales_count":null,
    "image_url":"https:\/\/img08.weeecdn.net\/item\/image\/434\/491\/3BB3C91DF19A33.jpeg!c560x560_q80.auto",
    "source_url":"https:\/\/www.sayweee.com\/en\/category\/seasoning08\/Soy-Sauce?page=1&offset=0&filters=%7B%22catalogue_num%22%3A%22seasoning08%22%7D&trigger_type=taxonomy_seasoning08&filter_sub_category=seasoning"
  },
  {
    "category":"sauce",
    "product_name":"Aged Fermented Black Bean Soy Sauce Paste 400 ml",
    "price":13.5,
    "unit_price":"$0.03\/ml",
    "sales_count":null,
    "image_url":"https:\/\/img08.weeecdn.net\/item\/image\/525\/697\/79517025DB1DC7CB.png!c560x560_q80.auto",
    "source_url":"https:\/\/www.sayweee.com\/en\/category\/seasoning08\/Soy-Sauce?page=1&offset=0&filters=%7B%22catalogue_num%22%3A%22seasoning08%22%7D&trigger_type=taxonomy_seasoning08&filter_sub_category=seasoning"
  },
  {
    "category":"sauce",
    "product_name":"Soy Sauce for Kids (210ml) 1.1 lb",
    "price":16.05,
    "unit_price":"$14.59\/lb",
    "sales_count":null,
    "image_url":"https:\/\/img08.weeecdn.net\/item\/image\/633\/615\/41F44CFE5708CBC4.jpeg!c560x560_q80.auto",
    "source_url":"https:\/\/www.sayweee.com\/en\/category\/seasoning08\/Soy-Sauce?page=1&offset=0&filters=%7B%22catalogue_num%22%3A%22seasoning08%22%7D&trigger_type=taxonomy_seasoning08&filter_sub_category=seasoning"
  },
  {
    "category":"sauce",
    "product_name":"Kisoondo Traditional Soy Sauce - Ganjang (250ml) 1 each",
    "price":26.0,
    "unit_price":"nan",
    "sales_count":null,
    "image_url":"https:\/\/img08.weeecdn.net\/item\/image\/764\/268\/7512708FEE23AB7C.jpeg!c560x560_q80.auto",
    "source_url":"https:\/\/www.sayweee.com\/en\/category\/seasoning08\/Soy-Sauce?page=1&offset=0&filters=%7B%22catalogue_num%22%3A%22seasoning08%22%7D&trigger_type=taxonomy_seasoning08&filter_sub_category=seasoning"
  },
  {
    "category":"sauce",
    "product_name":"Kisoondo Cheongjang (250ml) 1 each",
    "price":26.0,
    "unit_price":"nan",
    "sales_count":null,
    "image_url":"https:\/\/img08.weeecdn.net\/item\/image\/154\/812\/57ABD7CFEA75A90D.jpeg!c560x560_q80.auto",
    "source_url":"https:\/\/www.sayweee.com\/en\/category\/seasoning08\/Soy-Sauce?page=1&offset=0&filters=%7B%22catalogue_num%22%3A%22seasoning08%22%7D&trigger_type=taxonomy_seasoning08&filter_sub_category=seasoning"
  },
  {
    "category":"sauce",
    "product_name":"DYB Aged Artisan Naturally Brewed Soy Sauce 500 ml",
    "price":20.5,
    "unit_price":"$0.04\/ml",
    "sales_count":null,
    "image_url":"https:\/\/img08.weeecdn.net\/item\/image\/339\/453\/1FD14DAE353F11E2.png!c560x560_q80.auto",
    "source_url":"https:\/\/www.sayweee.com\/en\/category\/seasoning08\/Soy-Sauce?page=1&offset=0&filters=%7B%22catalogue_num%22%3A%22seasoning08%22%7D&trigger_type=taxonomy_seasoning08&filter_sub_category=seasoning"
  },
  {
    "category":"sauce",
    "product_name":"Knorr Liquid Seasoning Original Soy Sauce 33.8 oz 1 each",
    "price":11.09,
    "unit_price":"nan",
    "sales_count":null,
    "image_url":"https:\/\/img08.weeecdn.net\/item\/image\/499\/594\/329E28CB46553F43.png!c560x560_q80.auto",
    "source_url":"https:\/\/www.sayweee.com\/en\/category\/seasoning08\/Soy-Sauce?page=1&offset=0&filters=%7B%22catalogue_num%22%3A%22seasoning08%22%7D&trigger_type=taxonomy_seasoning08&filter_sub_category=seasoning"
  },
  {
    "category":"sauce",
    "product_name":"DYB Golden Smile Naturally Brewed Soy Sauce 500 ml",
    "price":20.5,
    "unit_price":"$0.04\/ml",
    "sales_count":null,
    "image_url":"https:\/\/img08.weeecdn.net\/item\/image\/861\/643\/7C8F6C1BF47B1A89.png!c560x560_q80.auto",
    "source_url":"https:\/\/www.sayweee.com\/en\/category\/seasoning08\/Soy-Sauce?page=1&offset=0&filters=%7B%22catalogue_num%22%3A%22seasoning08%22%7D&trigger_type=taxonomy_seasoning08&filter_sub_category=seasoning"
  },
  {
    "category":"sauce",
    "product_name":"Yunshan semi-fat blueberry jam 150 g",
    "price":11.56,
    "unit_price":"$0.07\/g",
    "sales_count":null,
    "image_url":"https:\/\/img08.weeecdn.net\/item\/image\/698\/044\/254EA8757F37574.png!c560x560_q80.auto",
    "source_url":"https:\/\/www.sayweee.com\/en\/category\/seasoning08\/Soy-Sauce?page=1&offset=0&filters=%7B%22catalogue_num%22%3A%22seasoning08%22%7D&trigger_type=taxonomy_seasoning08&filter_sub_category=seasoning"
  },
  {
    "category":"sauce",
    "product_name":"Red Plum Soy Sauce Spicy 70g",
    "price":21.19,
    "unit_price":"nan",
    "sales_count":null,
    "image_url":"https:\/\/img08.weeecdn.net\/item\/image\/370\/189\/45F86446E259DEE0.png!c560x560_q80.auto",
    "source_url":"https:\/\/www.sayweee.com\/en\/category\/seasoning08\/Soy-Sauce?page=1&offset=0&filters=%7B%22catalogue_num%22%3A%22seasoning08%22%7D&trigger_type=taxonomy_seasoning08&filter_sub_category=seasoning"
  },
  {
    "category":"sauce",
    "product_name":"Gold Label Matsutake Fresh Soy Sauce 245 g",
    "price":16.0,
    "unit_price":"$0.06\/g",
    "sales_count":null,
    "image_url":"https:\/\/img08.weeecdn.net\/item\/image\/058\/759\/3913221CEB56D7A0.jpeg!c560x560_q80.auto",
    "source_url":"https:\/\/www.sayweee.com\/en\/category\/seasoning08\/Soy-Sauce?page=1&offset=0&filters=%7B%22catalogue_num%22%3A%22seasoning08%22%7D&trigger_type=taxonomy_seasoning08&filter_sub_category=seasoning"
  },
  {
    "category":"sauce",
    "product_name":"Premium Soy Sauce (Ganjang) 1 each",
    "price":26.0,
    "unit_price":"nan",
    "sales_count":null,
    "image_url":"https:\/\/img08.weeecdn.net\/item\/image\/171\/135\/4B96F04D5AEC456F.png!c560x560_q80.auto",
    "source_url":"https:\/\/www.sayweee.com\/en\/category\/seasoning08\/Soy-Sauce?page=1&offset=0&filters=%7B%22catalogue_num%22%3A%22seasoning08%22%7D&trigger_type=taxonomy_seasoning08&filter_sub_category=seasoning"
  },
  {
    "category":"sauce",
    "product_name":"Salsa Sauce 250ml seafood dip sauce 250 ml",
    "price":15.04,
    "unit_price":"$0.06\/ml",
    "sales_count":null,
    "image_url":"https:\/\/img08.weeecdn.net\/item\/image\/182\/627\/19BC490A5E6B61C2.jpeg!c560x560_q80.auto",
    "source_url":"https:\/\/www.sayweee.com\/en\/category\/seasoning08\/Soy-Sauce?page=1&offset=0&filters=%7B%22catalogue_num%22%3A%22seasoning08%22%7D&trigger_type=taxonomy_seasoning08&filter_sub_category=seasoning"
  },
  {
    "category":"sauce",
    "product_name":"CookDo Ajinomoto Chicken Soup Seasoning Sauce 120 g",
    "price":4.99,
    "unit_price":"$0.04\/g",
    "sales_count":null,
    "image_url":"https:\/\/img08.weeecdn.net\/item\/image\/203\/715\/4D007BF7E81D58F3.jpeg!c560x560_q80.auto",
    "source_url":"https:\/\/www.sayweee.com\/en\/category\/seasoning08\/Soy-Sauce?page=1&offset=0&filters=%7B%22catalogue_num%22%3A%22seasoning08%22%7D&trigger_type=taxonomy_seasoning08&filter_sub_category=seasoning"
  },
  {
    "category":"sauce",
    "product_name":"Umami Shoyu - Soy Sauce 6.76 fl oz (Smoked) 200ml 6.76 oz",
    "price":22.0,
    "unit_price":"$3.25\/oz",
    "sales_count":null,
    "image_url":"https:\/\/img08.weeecdn.net\/item\/image\/013\/447\/521E8E2CFA71783A.png!c560x560_q80.auto",
    "source_url":"https:\/\/www.sayweee.com\/en\/category\/seasoning08\/Soy-Sauce?page=1&offset=0&filters=%7B%22catalogue_num%22%3A%22seasoning08%22%7D&trigger_type=taxonomy_seasoning08&filter_sub_category=seasoning"
  },
  {
    "category":"sauce",
    "product_name":"Umami Shoyu - Soy Sauce 6.76 fl oz (200ml) (Low Sodium, Gluten Free) 6.76 oz",
    "price":21.0,
    "unit_price":"$3.10\/oz",
    "sales_count":null,
    "image_url":"https:\/\/img08.weeecdn.net\/item\/image\/322\/598\/C07E372106164D.png!c560x560_q80.auto",
    "source_url":"https:\/\/www.sayweee.com\/en\/category\/seasoning08\/Soy-Sauce?page=1&offset=0&filters=%7B%22catalogue_num%22%3A%22seasoning08%22%7D&trigger_type=taxonomy_seasoning08&filter_sub_category=seasoning"
  },
  {
    "category":"sauce",
    "product_name":"Umami Shoyu - Rice Shoyu, Soy Sauce Alternative 5.07oz (150 ml) 150 ml",
    "price":20.0,
    "unit_price":"$0.13\/ml",
    "sales_count":null,
    "image_url":"https:\/\/img08.weeecdn.net\/item\/image\/369\/105\/1C14EF65BCF12BC0.png!c560x560_q80.auto",
    "source_url":"https:\/\/www.sayweee.com\/en\/category\/seasoning08\/Soy-Sauce?page=1&offset=0&filters=%7B%22catalogue_num%22%3A%22seasoning08%22%7D&trigger_type=taxonomy_seasoning08&filter_sub_category=seasoning"
  },
  {
    "category":"sauce",
    "product_name":"Umami Shoyu - Soy Sauce 6.76 fl oz (200ml) (Chocolate) 200 ml",
    "price":21.0,
    "unit_price":"$0.10\/ml",
    "sales_count":null,
    "image_url":"https:\/\/img08.weeecdn.net\/item\/image\/856\/206\/247F04CAD8C0D370.png!c560x560_q80.auto",
    "source_url":"https:\/\/www.sayweee.com\/en\/category\/seasoning08\/Soy-Sauce?page=1&offset=0&filters=%7B%22catalogue_num%22%3A%22seasoning08%22%7D&trigger_type=taxonomy_seasoning08&filter_sub_category=seasoning"
  },
  {
    "category":"sauce",
    "product_name":"Umami Shoyu - Soy Sauce 6.76 fl oz (200ml) (Yuzu Kosho) 200 ml",
    "price":21.0,
    "unit_price":"$0.10\/ml",
    "sales_count":null,
    "image_url":"https:\/\/img08.weeecdn.net\/item\/image\/657\/162\/3B2FF30B96FB689F.png!c560x560_q80.auto",
    "source_url":"https:\/\/www.sayweee.com\/en\/category\/seasoning08\/Soy-Sauce?page=1&offset=0&filters=%7B%22catalogue_num%22%3A%22seasoning08%22%7D&trigger_type=taxonomy_seasoning08&filter_sub_category=seasoning"
  },
  {
    "category":"sauce",
    "product_name":"Umami Shoyu - Soy Sauce 6.76 fl oz (200ml) (Garlic) 200 ml",
    "price":21.0,
    "unit_price":"$0.10\/ml",
    "sales_count":null,
    "image_url":"https:\/\/img08.weeecdn.net\/item\/image\/416\/873\/7171B178E6E9D20F.png!c560x560_q80.auto",
    "source_url":"https:\/\/www.sayweee.com\/en\/category\/seasoning08\/Soy-Sauce?page=1&offset=0&filters=%7B%22catalogue_num%22%3A%22seasoning08%22%7D&trigger_type=taxonomy_seasoning08&filter_sub_category=seasoning"
  },
  {
    "category":"sauce",
    "product_name":"Red oil chili sauce slightly spicy stir-fry oil spicy seed salad appetizer speci 370 g",
    "price":16.05,
    "unit_price":"$0.04\/g",
    "sales_count":null,
    "image_url":"https:\/\/img08.weeecdn.net\/item\/image\/821\/220\/7A5022194C4F5855.jpeg!c560x560_q80.auto",
    "source_url":"https:\/\/www.sayweee.com\/en\/category\/seasoning08\/Soy-Sauce?page=1&offset=0&filters=%7B%22catalogue_num%22%3A%22seasoning08%22%7D&trigger_type=taxonomy_seasoning08&filter_sub_category=seasoning"
  },
  {
    "category":"sauce",
    "product_name":"June Fresh 8g light salt small light soy sauce 100ml * 2 bottles 2 bottle",
    "price":13.09,
    "unit_price":"$6.54\/bottle",
    "sales_count":null,
    "image_url":"https:\/\/img08.weeecdn.net\/item\/image\/010\/556\/355DEE09427C60C8.jpeg!c560x560_q80.auto",
    "source_url":"https:\/\/www.sayweee.com\/en\/category\/seasoning08\/Soy-Sauce?page=1&offset=0&filters=%7B%22catalogue_num%22%3A%22seasoning08%22%7D&trigger_type=taxonomy_seasoning08&filter_sub_category=seasoning"
  },
  {
    "category":"sauce",
    "product_name":"Taoda Hong Kong Little pan rice Sauce 250ml * 1 bottle 0 Add Cantonese soy sauce special braised rice sauce 250 ml",
    "price":19.35,
    "unit_price":"$0.07\/ml",
    "sales_count":null,
    "image_url":"https:\/\/img08.weeecdn.net\/item\/image\/587\/395\/26A9FE053BE9D54F.jpeg!c560x560_q80.auto",
    "source_url":"https:\/\/www.sayweee.com\/en\/category\/seasoning08\/Soy-Sauce?page=1&offset=0&filters=%7B%22catalogue_num%22%3A%22seasoning08%22%7D&trigger_type=taxonomy_seasoning08&filter_sub_category=seasoning"
  },
  {
    "category":"sauce",
    "product_name":"Haitian High Umami Extremely Fresh Soy Sauce 100ml*1 bottle 100 g",
    "price":5.35,
    "unit_price":"$0.05\/g",
    "sales_count":null,
    "image_url":"https:\/\/img08.weeecdn.net\/item\/image\/447\/964\/4FCFE3A8FAE7FD1.webp!c560x560_q80.auto",
    "source_url":"https:\/\/www.sayweee.com\/en\/category\/seasoning08\/Soy-Sauce?page=1&offset=0&filters=%7B%22catalogue_num%22%3A%22seasoning08%22%7D&trigger_type=taxonomy_seasoning08&filter_sub_category=seasoning"
  },
  {
    "category":"sauce",
    "product_name":"Haitian small straw mushroom dark soy sauce stir-fry coloring sauce 200ml*1 bottle 200 g",
    "price":8.92,
    "unit_price":"$0.04\/g",
    "sales_count":null,
    "image_url":"https:\/\/img08.weeecdn.net\/item\/image\/244\/617\/523F1CC61995EB25.webp!c560x560_q80.auto",
    "source_url":"https:\/\/www.sayweee.com\/en\/category\/seasoning08\/Soy-Sauce?page=1&offset=0&filters=%7B%22catalogue_num%22%3A%22seasoning08%22%7D&trigger_type=taxonomy_seasoning08&filter_sub_category=seasoning"
  },
  {
    "category":"sauce",
    "product_name":"Denemon 3-Year Barrel-Aged Tamari Soy Sauce 200ml 404 g",
    "price":33.49,
    "unit_price":"$0.08\/g",
    "sales_count":null,
    "image_url":"https:\/\/img08.weeecdn.net\/item\/image\/139\/783\/CD4FFDD766087AA.jpeg!c560x560_q80.auto",
    "source_url":"https:\/\/www.sayweee.com\/en\/category\/seasoning08\/Soy-Sauce?page=1&offset=0&filters=%7B%22catalogue_num%22%3A%22seasoning08%22%7D&trigger_type=taxonomy_seasoning08&filter_sub_category=seasoning"
  },
  {
    "category":"sauce",
    "product_name":"Shinho Liuyuexian Premium Lemon Seasoned Fish Soy Sauce 380 ml",
    "price":3.99,
    "unit_price":"nan",
    "sales_count":null,
    "image_url":"https:\/\/img08.weeecdn.net\/item\/image\/560\/642\/7EED769B4ED097D.png!c560x560_q80.auto",
    "source_url":"https:\/\/www.sayweee.com\/en\/category\/seasoning08\/Soy-Sauce?page=1&offset=0&filters=%7B%22catalogue_num%22%3A%22seasoning08%22%7D&trigger_type=taxonomy_seasoning08&filter_sub_category=seasoning"
  },
  {
    "category":"sauce",
    "product_name":"Shinho Liuyuexian Less Sodium Original Soy Sauce 380 ml",
    "price":5.99,
    "unit_price":"nan",
    "sales_count":null,
    "image_url":"https:\/\/img08.weeecdn.net\/item\/image\/158\/395\/3A489759800C5FD6.png!c560x560_q80.auto",
    "source_url":"https:\/\/www.sayweee.com\/en\/category\/seasoning08\/Soy-Sauce?page=1&offset=0&filters=%7B%22catalogue_num%22%3A%22seasoning08%22%7D&trigger_type=taxonomy_seasoning08&filter_sub_category=seasoning"
  },
  {
    "category":"sauce",
    "product_name":"Donggu Yipin Fresh Soy Sauce 150ml * 1 Bottle 150 ml",
    "price":13.51,
    "unit_price":"$0.09\/ml",
    "sales_count":null,
    "image_url":"https:\/\/img08.weeecdn.net\/item\/image\/058\/057\/2C154E09342C59EF.webp!c560x560_q80.auto",
    "source_url":"https:\/\/www.sayweee.com\/en\/category\/seasoning08\/Soy-Sauce?page=1&offset=0&filters=%7B%22catalogue_num%22%3A%22seasoning08%22%7D&trigger_type=taxonomy_seasoning08&filter_sub_category=seasoning"
  },
  {
    "category":"sauce",
    "product_name":"Handa Gluten-Free Tamari Soy Sauce 360ml 460 g",
    "price":26.49,
    "unit_price":"$0.05\/g",
    "sales_count":null,
    "image_url":"https:\/\/img08.weeecdn.net\/item\/image\/290\/255\/99FD3A723F411A8.jpeg!c560x560_q80.auto",
    "source_url":"https:\/\/www.sayweee.com\/en\/category\/seasoning08\/Soy-Sauce?page=1&offset=0&filters=%7B%22catalogue_num%22%3A%22seasoning08%22%7D&trigger_type=taxonomy_seasoning08&filter_sub_category=seasoning"
  },
  {
    "category":"sauce",
    "product_name":"Ichibiki Gluten-Free Tamari Soy Sauce 618 g",
    "price":19.99,
    "unit_price":"$0.03\/g",
    "sales_count":null,
    "image_url":"https:\/\/img08.weeecdn.net\/item\/image\/124\/866\/23688D2E0BB88266.jpeg!c560x560_q80.auto",
    "source_url":"https:\/\/www.sayweee.com\/en\/category\/seasoning08\/Soy-Sauce?page=1&offset=0&filters=%7B%22catalogue_num%22%3A%22seasoning08%22%7D&trigger_type=taxonomy_seasoning08&filter_sub_category=seasoning"
  },
  {
    "category":"sauce",
    "product_name":"Kamebishi 3-Year Aged Soy Sauce Salt 25g 40 g",
    "price":17.49,
    "unit_price":"$0.43\/g",
    "sales_count":null,
    "image_url":"https:\/\/img08.weeecdn.net\/item\/image\/094\/268\/2EEDFD9921703FDE.jpeg!c560x560_q80.auto",
    "source_url":"https:\/\/www.sayweee.com\/en\/category\/seasoning08\/Soy-Sauce?page=1&offset=0&filters=%7B%22catalogue_num%22%3A%22seasoning08%22%7D&trigger_type=taxonomy_seasoning08&filter_sub_category=seasoning"
  },
  {
    "category":"sauce",
    "product_name":"Kikkoman Halal Gluten-Free Soy Sauce 1L 1200 g",
    "price":29.99,
    "unit_price":"nan",
    "sales_count":null,
    "image_url":"https:\/\/img08.weeecdn.net\/item\/image\/488\/947\/1A4EC9E1331898.jpeg!c560x560_q80.auto",
    "source_url":"https:\/\/www.sayweee.com\/en\/category\/seasoning08\/Soy-Sauce?page=1&offset=0&filters=%7B%22catalogue_num%22%3A%22seasoning08%22%7D&trigger_type=taxonomy_seasoning08&filter_sub_category=seasoning"
  },
  {
    "category":"sauce",
    "product_name":"Yuasa Soy Sauce Marushin Yuzu Ponzu 200ml 200 ml",
    "price":25.99,
    "unit_price":"$0.12\/ml",
    "sales_count":null,
    "image_url":"https:\/\/img08.weeecdn.net\/item\/image\/888\/366\/4DBA7427EA1F4BF6.png!c560x560_q80.auto",
    "source_url":"https:\/\/www.sayweee.com\/en\/category\/seasoning08\/Soy-Sauce?page=1&offset=0&filters=%7B%22catalogue_num%22%3A%22seasoning08%22%7D&trigger_type=taxonomy_seasoning08&filter_sub_category=seasoning"
  },
  {
    "category":"sauce",
    "product_name":"Yuasa Soy Sauce Concentrated Yuzu Plum Soup 200ml 200 ml",
    "price":25.99,
    "unit_price":"$0.12\/ml",
    "sales_count":null,
    "image_url":"https:\/\/img08.weeecdn.net\/item\/image\/046\/870\/4388777164A81DD5.png!c560x560_q80.auto",
    "source_url":"https:\/\/www.sayweee.com\/en\/category\/seasoning08\/Soy-Sauce?page=1&offset=0&filters=%7B%22catalogue_num%22%3A%22seasoning08%22%7D&trigger_type=taxonomy_seasoning08&filter_sub_category=seasoning"
  },
  {
    "category":"sauce",
    "product_name":"Yuasa Soy Sauce Rosanjin Soy Sauce 2024 200ml 200 ml",
    "price":89.99,
    "unit_price":"$0.44\/ml",
    "sales_count":null,
    "image_url":"https:\/\/img08.weeecdn.net\/item\/image\/223\/148\/1C0FC9FFD0FCA981.png!c560x560_q80.auto",
    "source_url":"https:\/\/www.sayweee.com\/en\/category\/seasoning08\/Soy-Sauce?page=1&offset=0&filters=%7B%22catalogue_num%22%3A%22seasoning08%22%7D&trigger_type=taxonomy_seasoning08&filter_sub_category=seasoning"
  },
  {
    "category":"sauce",
    "product_name":"Kikkoman Japanese Dark Soy Sauce 1L 1200 g",
    "price":29.99,
    "unit_price":"nan",
    "sales_count":null,
    "image_url":"https:\/\/img08.weeecdn.net\/item\/image\/683\/935\/6AC81965E7CBDD8C.jpeg!c560x560_q80.auto",
    "source_url":"https:\/\/www.sayweee.com\/en\/category\/seasoning08\/Soy-Sauce?page=1&offset=0&filters=%7B%22catalogue_num%22%3A%22seasoning08%22%7D&trigger_type=taxonomy_seasoning08&filter_sub_category=seasoning"
  },
  {
    "category":"sauce",
    "product_name":"Kikkoman Raw Soy Sauce 450ml 581 g",
    "price":20.99,
    "unit_price":"$0.03\/g",
    "sales_count":null,
    "image_url":"https:\/\/img08.weeecdn.net\/item\/image\/207\/395\/271E3E94E4268AF2.jpeg!c560x560_q80.auto",
    "source_url":"https:\/\/www.sayweee.com\/en\/category\/seasoning08\/Soy-Sauce?page=1&offset=0&filters=%7B%22catalogue_num%22%3A%22seasoning08%22%7D&trigger_type=taxonomy_seasoning08&filter_sub_category=seasoning"
  },
  {
    "category":"sauce",
    "product_name":"Kikkoman Soy Sauce Glass Dispenser 150ml 339 g",
    "price":17.49,
    "unit_price":"$0.05\/g",
    "sales_count":null,
    "image_url":"https:\/\/img08.weeecdn.net\/item\/image\/947\/179\/378F659CA184AD90.jpeg!c560x560_q80.auto",
    "source_url":"https:\/\/www.sayweee.com\/en\/category\/seasoning08\/Soy-Sauce?page=1&offset=0&filters=%7B%22catalogue_num%22%3A%22seasoning08%22%7D&trigger_type=taxonomy_seasoning08&filter_sub_category=seasoning"
  },
  {
    "category":"sauce",
    "product_name":"Shoda Soy Sauce Tosa Soy Sauce 400ml 1 each",
    "price":14.69,
    "unit_price":"nan",
    "sales_count":null,
    "image_url":"https:\/\/img08.weeecdn.net\/item\/image\/745\/328\/E6B38F8C8BCC8CE.jpeg!c560x560_q80.auto",
    "source_url":"https:\/\/www.sayweee.com\/en\/category\/seasoning08\/Soy-Sauce?page=1&offset=0&filters=%7B%22catalogue_num%22%3A%22seasoning08%22%7D&trigger_type=taxonomy_seasoning08&filter_sub_category=seasoning"
  },
  {
    "category":"sauce",
    "product_name":"Shinho Liuyuexian  Braised Soy Sauce 500 ml",
    "price":5.21,
    "unit_price":"nan",
    "sales_count":null,
    "image_url":"https:\/\/img08.weeecdn.net\/item\/image\/469\/526\/FC04E0C75BA785E.jpeg!c560x560_q80.auto",
    "source_url":"https:\/\/www.sayweee.com\/en\/category\/seasoning08\/Soy-Sauce?page=1&offset=0&filters=%7B%22catalogue_num%22%3A%22seasoning08%22%7D&trigger_type=taxonomy_seasoning08&filter_sub_category=seasoning"
  },
  {
    "category":"sauce",
    "product_name":"Yuzu no Mura Ponzu Soy Sauce 1000 ml",
    "price":67.49,
    "unit_price":"$0.06\/ml",
    "sales_count":null,
    "image_url":"https:\/\/img08.weeecdn.net\/item\/image\/174\/497\/558AA218377DF2AA.jpeg!c560x560_q80.auto",
    "source_url":"https:\/\/www.sayweee.com\/en\/category\/seasoning08\/Soy-Sauce?page=1&offset=0&filters=%7B%22catalogue_num%22%3A%22seasoning08%22%7D&trigger_type=taxonomy_seasoning08&filter_sub_category=seasoning"
  },
  {
    "category":"sauce",
    "product_name":"Shoda Soy Sauce for Salt-Conscious Taste 400ml 1 each",
    "price":13.64,
    "unit_price":"nan",
    "sales_count":null,
    "image_url":"https:\/\/img08.weeecdn.net\/item\/image\/698\/062\/72111E0482387D6D.jpeg!c560x560_q80.auto",
    "source_url":"https:\/\/www.sayweee.com\/en\/category\/seasoning08\/Soy-Sauce?page=1&offset=0&filters=%7B%22catalogue_num%22%3A%22seasoning08%22%7D&trigger_type=taxonomy_seasoning08&filter_sub_category=seasoning"
  },
  {
    "category":"sauce",
    "product_name":"Ching's Secret Dark Soy Sauce, 7 oz bottle 7 oz",
    "price":3.29,
    "unit_price":"$0.47\/oz",
    "sales_count":null,
    "image_url":"https:\/\/img08.weeecdn.net\/item\/image\/914\/766\/424D3855FE476C19.jpeg!c560x560_q80.auto",
    "source_url":"https:\/\/www.sayweee.com\/en\/category\/seasoning08\/Soy-Sauce?page=1&offset=0&filters=%7B%22catalogue_num%22%3A%22seasoning08%22%7D&trigger_type=taxonomy_seasoning08&filter_sub_category=seasoning"
  },
  {
    "category":"sauce",
    "product_name":"[CHIN-SU] 'Tam Thai Tu' Soy Sauce - 650 ml",
    "price":3.59,
    "unit_price":"nan",
    "sales_count":null,
    "image_url":"https:\/\/img08.weeecdn.net\/item\/image\/943\/967\/73CE46B5ABB3CFE4.png.jpeg!c560x560_q80.auto",
    "source_url":"https:\/\/www.sayweee.com\/en\/category\/seasoning08\/Soy-Sauce?page=1&offset=0&filters=%7B%22catalogue_num%22%3A%22seasoning08%22%7D&trigger_type=taxonomy_seasoning08&filter_sub_category=seasoning"
  },
  {
    "category":"sauce",
    "product_name":"Shoda Shoda Special Grade Soy Sauce 400ml 1 each",
    "price":9.44,
    "unit_price":"nan",
    "sales_count":null,
    "image_url":"https:\/\/img08.weeecdn.net\/item\/image\/902\/119\/189F6900FC8F63C1.jpeg!c560x560_q80.auto",
    "source_url":"https:\/\/www.sayweee.com\/en\/category\/seasoning08\/Soy-Sauce?page=1&offset=0&filters=%7B%22catalogue_num%22%3A%22seasoning08%22%7D&trigger_type=taxonomy_seasoning08&filter_sub_category=seasoning"
  },
  {
    "category":"sauce",
    "product_name":"Knorr Liquid Seasoning Sauce 8.50 fl oz 1 each",
    "price":3.14,
    "unit_price":"nan",
    "sales_count":null,
    "image_url":"https:\/\/img08.weeecdn.net\/item\/image\/431\/504\/137495278ED32FBB.png!c560x560_q80.auto",
    "source_url":"https:\/\/www.sayweee.com\/en\/category\/seasoning08\/Soy-Sauce?page=1&offset=0&filters=%7B%22catalogue_num%22%3A%22seasoning08%22%7D&trigger_type=taxonomy_seasoning08&filter_sub_category=seasoning"
  },
  {
    "category":"sauce",
    "product_name":"DYB Naturally Brewed Brown Soybean Soy Sauce 500 ml",
    "price":26.5,
    "unit_price":"$0.05\/ml",
    "sales_count":null,
    "image_url":"https:\/\/img08.weeecdn.net\/item\/image\/042\/450\/2E581EA3E5DADE3F.jpeg!c560x560_q80.auto",
    "source_url":"https:\/\/www.sayweee.com\/en\/category\/seasoning08\/Soy-Sauce?page=1&offset=0&filters=%7B%22catalogue_num%22%3A%22seasoning08%22%7D&trigger_type=taxonomy_seasoning08&filter_sub_category=seasoning"
  },
  {
    "category":"sauce",
    "product_name":"SHINHO Liuyuexian Premium Soy Sauce 500 ml",
    "price":5.21,
    "unit_price":"nan",
    "sales_count":null,
    "image_url":"https:\/\/img08.weeecdn.net\/item\/image\/413\/913\/41F345E7229C6DF0.jpeg!c560x560_q80.auto",
    "source_url":"https:\/\/www.sayweee.com\/en\/category\/seasoning08\/Soy-Sauce?page=1&offset=0&filters=%7B%22catalogue_num%22%3A%22seasoning08%22%7D&trigger_type=taxonomy_seasoning08&filter_sub_category=seasoning"
  },
  {
    "category":"sauce",
    "product_name":"Mushroom Vegetarian Oyster Sauce 300 ml",
    "price":10.5,
    "unit_price":"$0.03\/ml",
    "sales_count":null,
    "image_url":"https:\/\/img08.weeecdn.net\/item\/image\/520\/526\/177D9390E8451B9E.png!c560x560_q80.auto",
    "source_url":"https:\/\/www.sayweee.com\/en\/category\/seasoning08\/Soy-Sauce?page=1&offset=0&filters=%7B%22catalogue_num%22%3A%22seasoning08%22%7D&trigger_type=taxonomy_seasoning08&filter_sub_category=seasoning"
  },
  {
    "category":"sauce",
    "product_name":"Oyster Sauce (Pure Oyster & Salt) 120ml 2-Pack 120 g",
    "price":54.99,
    "unit_price":"$0.45\/g",
    "sales_count":null,
    "image_url":"https:\/\/img08.weeecdn.net\/item\/image\/221\/290\/7A1C4334AF4A0A06.jpeg!c560x560_q80.auto",
    "source_url":"https:\/\/www.sayweee.com\/en\/category\/seasoning08\/Soy-Sauce?page=1&offset=0&filters=%7B%22catalogue_num%22%3A%22seasoning08%22%7D&trigger_type=taxonomy_seasoning08&filter_sub_category=seasoning"
  },
  {
    "category":"sauce",
    "product_name":"Phoenix-ball mark: spicy fresh dew, cold sauce 460 g",
    "price":28.8,
    "unit_price":"$0.06\/g",
    "sales_count":null,
    "image_url":"https:\/\/img08.weeecdn.net\/item\/image\/485\/624\/795D8B646C2B41B8.webp!c560x560_q80.auto",
    "source_url":"https:\/\/www.sayweee.com\/en\/category\/seasoning08\/Soy-Sauce?page=1&offset=0&filters=%7B%22catalogue_num%22%3A%22seasoning08%22%7D&trigger_type=taxonomy_seasoning08&filter_sub_category=seasoning"
  },
  {
    "category":"sauce",
    "product_name":"Sukiyaki Soy Aauce Seasoning Sauce 330 ml",
    "price":8.99,
    "unit_price":"nan",
    "sales_count":null,
    "image_url":"https:\/\/img08.weeecdn.net\/item\/image\/406\/655\/3F34B50111395171.jpeg!c560x560_q80.auto",
    "source_url":"https:\/\/www.sayweee.com\/en\/category\/seasoning08\/Soy-Sauce?page=1&offset=0&filters=%7B%22catalogue_num%22%3A%22seasoning08%22%7D&trigger_type=taxonomy_seasoning08&filter_sub_category=seasoning"
  },
  {
    "category":"sauce",
    "product_name":"Maggi European Seasoning Sauce 200ml 1 each",
    "price":9.09,
    "unit_price":"nan",
    "sales_count":null,
    "image_url":"https:\/\/img08.weeecdn.net\/item\/image\/025\/659\/5A248EBDD9683236.png.jpeg!c560x560_q80.auto",
    "source_url":"https:\/\/www.sayweee.com\/en\/category\/seasoning08\/Soy-Sauce?page=1&offset=0&filters=%7B%22catalogue_num%22%3A%22seasoning08%22%7D&trigger_type=taxonomy_seasoning08&filter_sub_category=seasoning"
  },
  {
    "category":"sauce",
    "product_name":"Teraokake Egg Dish Soy Sauce Nori Flavoe 150 ml",
    "price":6.5,
    "unit_price":"$0.04\/ml",
    "sales_count":null,
    "image_url":"https:\/\/img08.weeecdn.net\/item\/image\/532\/557\/2254277D33A72804.png.jpeg!c560x560_q80.auto",
    "source_url":"https:\/\/www.sayweee.com\/en\/category\/seasoning08\/Soy-Sauce?page=1&offset=0&filters=%7B%22catalogue_num%22%3A%22seasoning08%22%7D&trigger_type=taxonomy_seasoning08&filter_sub_category=seasoning"
  },
  {
    "category":"sauce",
    "product_name":"HOKKAIDO JAPAN FUKUYAMA HIDAKA FOODS BABY SHOYU 100 ml",
    "price":7.8,
    "unit_price":"$0.07\/ml",
    "sales_count":null,
    "image_url":"https:\/\/img08.weeecdn.net\/item\/image\/988\/243\/6384518E9507008.jpeg!c560x560_q80.auto",
    "source_url":"https:\/\/www.sayweee.com\/en\/category\/seasoning08\/Soy-Sauce?page=1&offset=0&filters=%7B%22catalogue_num%22%3A%22seasoning08%22%7D&trigger_type=taxonomy_seasoning08&filter_sub_category=seasoning"
  },
  {
    "category":"sauce",
    "product_name":"KIKKOMAN 25% Cut Back On Salt Hokkaido Kombu Soy Sauce 200 ml",
    "price":8.99,
    "unit_price":"$0.04\/ml",
    "sales_count":null,
    "image_url":"https:\/\/img08.weeecdn.net\/item\/image\/457\/227\/554839A398D2AC3B.jpeg!c560x560_q80.auto",
    "source_url":"https:\/\/www.sayweee.com\/en\/category\/seasoning08\/Soy-Sauce?page=1&offset=0&filters=%7B%22catalogue_num%22%3A%22seasoning08%22%7D&trigger_type=taxonomy_seasoning08&filter_sub_category=seasoning"
  },
  {
    "category":"sauce",
    "product_name":"China Live House Soy Sauce Non-Gluten 250 ml",
    "price":11.95,
    "unit_price":"$0.04\/ml",
    "sales_count":null,
    "image_url":"https:\/\/img08.weeecdn.net\/item\/image\/228\/278\/258FDC6275054B9E.jpeg!c560x560_q80.auto",
    "source_url":"https:\/\/www.sayweee.com\/en\/category\/seasoning08\/Soy-Sauce?page=1&offset=0&filters=%7B%22catalogue_num%22%3A%22seasoning08%22%7D&trigger_type=taxonomy_seasoning08&filter_sub_category=seasoning"
  },
  {
    "category":"sauce",
    "product_name":"ODS Naturally Brewed All-purpose Soy Sauce 550 ml",
    "price":22.0,
    "unit_price":"$0.04\/ml",
    "sales_count":null,
    "image_url":"https:\/\/img08.weeecdn.net\/item\/image\/000\/670\/E3C961434ED7665.webp!c560x560_q80.auto",
    "source_url":"https:\/\/www.sayweee.com\/en\/category\/seasoning08\/Soy-Sauce?page=1&offset=0&filters=%7B%22catalogue_num%22%3A%22seasoning08%22%7D&trigger_type=taxonomy_seasoning08&filter_sub_category=seasoning"
  },
  {
    "category":"sauce",
    "product_name":"HIGETA Honzen Specially selected soy sauce 200 ml",
    "price":8.99,
    "unit_price":"$0.04\/ml",
    "sales_count":null,
    "image_url":"https:\/\/img08.weeecdn.net\/item\/image\/716\/856\/25B991A5842C5F22.jpeg!c560x560_q80.auto",
    "source_url":"https:\/\/www.sayweee.com\/en\/category\/seasoning08\/Soy-Sauce?page=1&offset=0&filters=%7B%22catalogue_num%22%3A%22seasoning08%22%7D&trigger_type=taxonomy_seasoning08&filter_sub_category=seasoning"
  },
  {
    "category":"sauce",
    "product_name":"MARUNAKA'S SOY SAUCE 150 ml",
    "price":23.4,
    "unit_price":"$0.15\/ml",
    "sales_count":null,
    "image_url":"https:\/\/img08.weeecdn.net\/item\/image\/470\/713\/3453A9E523147166.png!c560x560_q80.auto",
    "source_url":"https:\/\/www.sayweee.com\/en\/category\/seasoning08\/Soy-Sauce?page=1&offset=0&filters=%7B%22catalogue_num%22%3A%22seasoning08%22%7D&trigger_type=taxonomy_seasoning08&filter_sub_category=seasoning"
  },
  {
    "category":"sauce",
    "product_name":"WASANBON SWEET SOY SAUCE 100 ml",
    "price":19.8,
    "unit_price":"$0.19\/ml",
    "sales_count":null,
    "image_url":"https:\/\/img08.weeecdn.net\/item\/image\/837\/115\/18551AE1F1452C14.jpeg!c560x560_q80.auto",
    "source_url":"https:\/\/www.sayweee.com\/en\/category\/seasoning08\/Soy-Sauce?page=1&offset=0&filters=%7B%22catalogue_num%22%3A%22seasoning08%22%7D&trigger_type=taxonomy_seasoning08&filter_sub_category=seasoning"
  },
  {
    "category":"sauce",
    "product_name":"YUZU PONZU 300 ml",
    "price":15.6,
    "unit_price":"$0.05\/ml",
    "sales_count":null,
    "image_url":"https:\/\/img08.weeecdn.net\/item\/image\/071\/839\/5269BF20E34ECFD.jpeg!c560x560_q80.auto",
    "source_url":"https:\/\/www.sayweee.com\/en\/category\/seasoning08\/Soy-Sauce?page=1&offset=0&filters=%7B%22catalogue_num%22%3A%22seasoning08%22%7D&trigger_type=taxonomy_seasoning08&filter_sub_category=seasoning"
  },
  {
    "category":"sauce",
    "product_name":"MARUNAKA’S SOY SAUCE (300ml) 300 ml",
    "price":36.0,
    "unit_price":"$0.12\/ml",
    "sales_count":null,
    "image_url":"https:\/\/img08.weeecdn.net\/item\/image\/470\/713\/5535A7B2D260E666.png!c560x560_q80.auto",
    "source_url":"https:\/\/www.sayweee.com\/en\/category\/seasoning08\/Soy-Sauce?page=1&offset=0&filters=%7B%22catalogue_num%22%3A%22seasoning08%22%7D&trigger_type=taxonomy_seasoning08&filter_sub_category=seasoning"
  },
  {
    "category":"sauce",
    "product_name":"Taiwan Pingtung Tech University Lower Sodium Soy Sauce 710 ml",
    "price":26.55,
    "unit_price":"$0.03\/ml",
    "sales_count":null,
    "image_url":"https:\/\/img08.weeecdn.net\/item\/image\/068\/563\/29A54F015F08700.jpeg!c560x560_q80.auto",
    "source_url":"https:\/\/www.sayweee.com\/en\/category\/seasoning08\/Soy-Sauce?page=1&offset=0&filters=%7B%22catalogue_num%22%3A%22seasoning08%22%7D&trigger_type=taxonomy_seasoning08&filter_sub_category=seasoning"
  },
  {
    "category":"sauce",
    "product_name":"Taiwan Pingtung Tech University Lower Sodium Thick Soy Sauce 560 g",
    "price":26.55,
    "unit_price":"$0.04\/g",
    "sales_count":null,
    "image_url":"https:\/\/img08.weeecdn.net\/item\/image\/105\/392\/7B0A7A84EB3E37A.jpeg!c560x560_q80.auto",
    "source_url":"https:\/\/www.sayweee.com\/en\/category\/seasoning08\/Soy-Sauce?page=1&offset=0&filters=%7B%22catalogue_num%22%3A%22seasoning08%22%7D&trigger_type=taxonomy_seasoning08&filter_sub_category=seasoning"
  },
  {
    "category":"sauce",
    "product_name":"Specially Selected  Easy To Cook Refresh Oyster Sauce 95 g",
    "price":3.99,
    "unit_price":"$0.04\/g",
    "sales_count":null,
    "image_url":"https:\/\/img08.weeecdn.net\/item\/image\/716\/294\/6CD32E39738F4C1E.jpeg!c560x560_q80.auto",
    "source_url":"https:\/\/www.sayweee.com\/en\/category\/seasoning08\/Soy-Sauce?page=1&offset=0&filters=%7B%22catalogue_num%22%3A%22seasoning08%22%7D&trigger_type=taxonomy_seasoning08&filter_sub_category=seasoning"
  },
  {
    "category":"sauce",
    "product_name":"Taiwan Bag To Go! Taiwan Pingtung Tech University Lower Sodium Soy Sauce Bundle 2990 g",
    "price":169.2,
    "unit_price":"$0.05\/g",
    "sales_count":null,
    "image_url":"https:\/\/img08.weeecdn.net\/item\/image\/434\/491\/3BB3C91DF19A33.jpeg!c560x560_q80.auto",
    "source_url":"https:\/\/www.sayweee.com\/en\/category\/seasoning08\/Soy-Sauce?page=1&offset=0&filters=%7B%22catalogue_num%22%3A%22seasoning08%22%7D&trigger_type=taxonomy_seasoning08&filter_sub_category=seasoning"
  },
  {
    "category":"sauce",
    "product_name":"Aged Fermented Black Bean Soy Sauce Paste 400 ml",
    "price":13.5,
    "unit_price":"$0.03\/ml",
    "sales_count":null,
    "image_url":"https:\/\/img08.weeecdn.net\/item\/image\/525\/697\/79517025DB1DC7CB.png!c560x560_q80.auto",
    "source_url":"https:\/\/www.sayweee.com\/en\/category\/seasoning08\/Soy-Sauce?page=1&offset=0&filters=%7B%22catalogue_num%22%3A%22seasoning08%22%7D&trigger_type=taxonomy_seasoning08&filter_sub_category=seasoning"
  },
  {
    "category":"sauce",
    "product_name":"Soy Sauce for Kids (210ml) 1.1 lb",
    "price":16.05,
    "unit_price":"$14.59\/lb",
    "sales_count":null,
    "image_url":"https:\/\/img08.weeecdn.net\/item\/image\/633\/615\/41F44CFE5708CBC4.jpeg!c560x560_q80.auto",
    "source_url":"https:\/\/www.sayweee.com\/en\/category\/seasoning08\/Soy-Sauce?page=1&offset=0&filters=%7B%22catalogue_num%22%3A%22seasoning08%22%7D&trigger_type=taxonomy_seasoning08&filter_sub_category=seasoning"
  },
  {
    "category":"sauce",
    "product_name":"Kisoondo Traditional Soy Sauce - Ganjang (250ml) 1 each",
    "price":26.0,
    "unit_price":"nan",
    "sales_count":null,
    "image_url":"https:\/\/img08.weeecdn.net\/item\/image\/764\/268\/7512708FEE23AB7C.jpeg!c560x560_q80.auto",
    "source_url":"https:\/\/www.sayweee.com\/en\/category\/seasoning08\/Soy-Sauce?page=1&offset=0&filters=%7B%22catalogue_num%22%3A%22seasoning08%22%7D&trigger_type=taxonomy_seasoning08&filter_sub_category=seasoning"
  },
  {
    "category":"sauce",
    "product_name":"Kisoondo Cheongjang (250ml) 1 each",
    "price":26.0,
    "unit_price":"nan",
    "sales_count":null,
    "image_url":"https:\/\/img08.weeecdn.net\/item\/image\/154\/812\/57ABD7CFEA75A90D.jpeg!c560x560_q80.auto",
    "source_url":"https:\/\/www.sayweee.com\/en\/category\/seasoning08\/Soy-Sauce?page=1&offset=0&filters=%7B%22catalogue_num%22%3A%22seasoning08%22%7D&trigger_type=taxonomy_seasoning08&filter_sub_category=seasoning"
  },
  {
    "category":"sauce",
    "product_name":"DYB Aged Artisan Naturally Brewed Soy Sauce 500 ml",
    "price":20.5,
    "unit_price":"$0.04\/ml",
    "sales_count":null,
    "image_url":"https:\/\/img08.weeecdn.net\/item\/image\/339\/453\/1FD14DAE353F11E2.png!c560x560_q80.auto",
    "source_url":"https:\/\/www.sayweee.com\/en\/category\/seasoning08\/Soy-Sauce?page=1&offset=0&filters=%7B%22catalogue_num%22%3A%22seasoning08%22%7D&trigger_type=taxonomy_seasoning08&filter_sub_category=seasoning"
  },
  {
    "category":"sauce",
    "product_name":"Knorr Liquid Seasoning Original Soy Sauce 33.8 oz 1 each",
    "price":11.09,
    "unit_price":"nan",
    "sales_count":null,
    "image_url":"https:\/\/img08.weeecdn.net\/item\/image\/499\/594\/329E28CB46553F43.png!c560x560_q80.auto",
    "source_url":"https:\/\/www.sayweee.com\/en\/category\/seasoning08\/Soy-Sauce?page=1&offset=0&filters=%7B%22catalogue_num%22%3A%22seasoning08%22%7D&trigger_type=taxonomy_seasoning08&filter_sub_category=seasoning"
  },
  {
    "category":"sauce",
    "product_name":"DYB Golden Smile Naturally Brewed Soy Sauce 500 ml",
    "price":20.5,
    "unit_price":"$0.04\/ml",
    "sales_count":null,
    "image_url":"https:\/\/img08.weeecdn.net\/item\/image\/861\/643\/7C8F6C1BF47B1A89.png!c560x560_q80.auto",
    "source_url":"https:\/\/www.sayweee.com\/en\/category\/seasoning08\/Soy-Sauce?page=1&offset=0&filters=%7B%22catalogue_num%22%3A%22seasoning08%22%7D&trigger_type=taxonomy_seasoning08&filter_sub_category=seasoning"
  },
  {
    "category":"sauce",
    "product_name":"Yunshan semi-fat blueberry jam 150 g",
    "price":11.56,
    "unit_price":"$0.07\/g",
    "sales_count":null,
    "image_url":"https:\/\/img08.weeecdn.net\/item\/image\/698\/044\/254EA8757F37574.png!c560x560_q80.auto",
    "source_url":"https:\/\/www.sayweee.com\/en\/category\/seasoning08\/Soy-Sauce?page=1&offset=0&filters=%7B%22catalogue_num%22%3A%22seasoning08%22%7D&trigger_type=taxonomy_seasoning08&filter_sub_category=seasoning"
  },
  {
    "category":"sauce",
    "product_name":"Red Plum Soy Sauce Spicy 70g",
    "price":21.19,
    "unit_price":"nan",
    "sales_count":null,
    "image_url":"https:\/\/img08.weeecdn.net\/item\/image\/370\/189\/45F86446E259DEE0.png!c560x560_q80.auto",
    "source_url":"https:\/\/www.sayweee.com\/en\/category\/seasoning08\/Soy-Sauce?page=1&offset=0&filters=%7B%22catalogue_num%22%3A%22seasoning08%22%7D&trigger_type=taxonomy_seasoning08&filter_sub_category=seasoning"
  },
  {
    "category":"sauce",
    "product_name":"Gold Label Matsutake Fresh Soy Sauce 245 g",
    "price":16.0,
    "unit_price":"$0.06\/g",
    "sales_count":null,
    "image_url":"https:\/\/img08.weeecdn.net\/item\/image\/058\/759\/3913221CEB56D7A0.jpeg!c560x560_q80.auto",
    "source_url":"https:\/\/www.sayweee.com\/en\/category\/seasoning08\/Soy-Sauce?page=1&offset=0&filters=%7B%22catalogue_num%22%3A%22seasoning08%22%7D&trigger_type=taxonomy_seasoning08&filter_sub_category=seasoning"
  },
  {
    "category":"sauce",
    "product_name":"Premium Soy Sauce (Ganjang) 1 each",
    "price":26.0,
    "unit_price":"nan",
    "sales_count":null,
    "image_url":"https:\/\/img08.weeecdn.net\/item\/image\/171\/135\/4B96F04D5AEC456F.png!c560x560_q80.auto",
    "source_url":"https:\/\/www.sayweee.com\/en\/category\/seasoning08\/Soy-Sauce?page=1&offset=0&filters=%7B%22catalogue_num%22%3A%22seasoning08%22%7D&trigger_type=taxonomy_seasoning08&filter_sub_category=seasoning"
  },
  {
    "category":"sauce",
    "product_name":"Salsa Sauce 250ml seafood dip sauce 250 ml",
    "price":15.04,
    "unit_price":"$0.06\/ml",
    "sales_count":null,
    "image_url":"https:\/\/img08.weeecdn.net\/item\/image\/182\/627\/19BC490A5E6B61C2.jpeg!c560x560_q80.auto",
    "source_url":"https:\/\/www.sayweee.com\/en\/category\/seasoning08\/Soy-Sauce?page=1&offset=0&filters=%7B%22catalogue_num%22%3A%22seasoning08%22%7D&trigger_type=taxonomy_seasoning08&filter_sub_category=seasoning"
  },
  {
    "category":"sauce",
    "product_name":"CookDo Ajinomoto Chicken Soup Seasoning Sauce 120 g",
    "price":4.99,
    "unit_price":"$0.04\/g",
    "sales_count":null,
    "image_url":"https:\/\/img08.weeecdn.net\/item\/image\/203\/715\/4D007BF7E81D58F3.jpeg!c560x560_q80.auto",
    "source_url":"https:\/\/www.sayweee.com\/en\/category\/seasoning08\/Soy-Sauce?page=1&offset=0&filters=%7B%22catalogue_num%22%3A%22seasoning08%22%7D&trigger_type=taxonomy_seasoning08&filter_sub_category=seasoning"
  },
  {
    "category":"sauce",
    "product_name":"Umami Shoyu - Soy Sauce 6.76 fl oz (Smoked) 200ml 6.76 oz",
    "price":22.0,
    "unit_price":"$3.25\/oz",
    "sales_count":null,
    "image_url":"https:\/\/img08.weeecdn.net\/item\/image\/013\/447\/521E8E2CFA71783A.png!c560x560_q80.auto",
    "source_url":"https:\/\/www.sayweee.com\/en\/category\/seasoning08\/Soy-Sauce?page=1&offset=0&filters=%7B%22catalogue_num%22%3A%22seasoning08%22%7D&trigger_type=taxonomy_seasoning08&filter_sub_category=seasoning"
  },
  {
    "category":"sauce",
    "product_name":"Umami Shoyu - Soy Sauce 6.76 fl oz (200ml) (Low Sodium, Gluten Free) 6.76 oz",
    "price":21.0,
    "unit_price":"$3.10\/oz",
    "sales_count":null,
    "image_url":"https:\/\/img08.weeecdn.net\/item\/image\/322\/598\/C07E372106164D.png!c560x560_q80.auto",
    "source_url":"https:\/\/www.sayweee.com\/en\/category\/seasoning08\/Soy-Sauce?page=1&offset=0&filters=%7B%22catalogue_num%22%3A%22seasoning08%22%7D&trigger_type=taxonomy_seasoning08&filter_sub_category=seasoning"
  },
  {
    "category":"sauce",
    "product_name":"Umami Shoyu - Rice Shoyu, Soy Sauce Alternative 5.07oz (150 ml) 150 ml",
    "price":20.0,
    "unit_price":"$0.13\/ml",
    "sales_count":null,
    "image_url":"https:\/\/img08.weeecdn.net\/item\/image\/369\/105\/1C14EF65BCF12BC0.png!c560x560_q80.auto",
    "source_url":"https:\/\/www.sayweee.com\/en\/category\/seasoning08\/Soy-Sauce?page=1&offset=0&filters=%7B%22catalogue_num%22%3A%22seasoning08%22%7D&trigger_type=taxonomy_seasoning08&filter_sub_category=seasoning"
  },
  {
    "category":"sauce",
    "product_name":"Umami Shoyu - Soy Sauce 6.76 fl oz (200ml) (Chocolate) 200 ml",
    "price":21.0,
    "unit_price":"$0.10\/ml",
    "sales_count":null,
    "image_url":"https:\/\/img08.weeecdn.net\/item\/image\/856\/206\/247F04CAD8C0D370.png!c560x560_q80.auto",
    "source_url":"https:\/\/www.sayweee.com\/en\/category\/seasoning08\/Soy-Sauce?page=1&offset=0&filters=%7B%22catalogue_num%22%3A%22seasoning08%22%7D&trigger_type=taxonomy_seasoning08&filter_sub_category=seasoning"
  },
  {
    "category":"sauce",
    "product_name":"Umami Shoyu - Soy Sauce 6.76 fl oz (200ml) (Yuzu Kosho) 200 ml",
    "price":21.0,
    "unit_price":"$0.10\/ml",
    "sales_count":null,
    "image_url":"https:\/\/img08.weeecdn.net\/item\/image\/657\/162\/3B2FF30B96FB689F.png!c560x560_q80.auto",
    "source_url":"https:\/\/www.sayweee.com\/en\/category\/seasoning08\/Soy-Sauce?page=1&offset=0&filters=%7B%22catalogue_num%22%3A%22seasoning08%22%7D&trigger_type=taxonomy_seasoning08&filter_sub_category=seasoning"
  },
  {
    "category":"sauce",
    "product_name":"Umami Shoyu - Soy Sauce 6.76 fl oz (200ml) (Garlic) 200 ml",
    "price":21.0,
    "unit_price":"$0.10\/ml",
    "sales_count":null,
    "image_url":"https:\/\/img08.weeecdn.net\/item\/image\/416\/873\/7171B178E6E9D20F.png!c560x560_q80.auto",
    "source_url":"https:\/\/www.sayweee.com\/en\/category\/seasoning08\/Soy-Sauce?page=1&offset=0&filters=%7B%22catalogue_num%22%3A%22seasoning08%22%7D&trigger_type=taxonomy_seasoning08&filter_sub_category=seasoning"
  },
  {
    "category":"sauce",
    "product_name":"Red oil chili sauce slightly spicy stir-fry oil spicy seed salad appetizer speci 370 g",
    "price":16.05,
    "unit_price":"$0.04\/g",
    "sales_count":null,
    "image_url":"https:\/\/img08.weeecdn.net\/item\/image\/821\/220\/7A5022194C4F5855.jpeg!c560x560_q80.auto",
    "source_url":"https:\/\/www.sayweee.com\/en\/category\/seasoning08\/Soy-Sauce?page=1&offset=0&filters=%7B%22catalogue_num%22%3A%22seasoning08%22%7D&trigger_type=taxonomy_seasoning08&filter_sub_category=seasoning"
  },
  {
    "category":"sauce",
    "product_name":"June Fresh 8g light salt small light soy sauce 100ml * 2 bottles 2 bottle",
    "price":13.09,
    "unit_price":"$6.54\/bottle",
    "sales_count":null,
    "image_url":"https:\/\/img08.weeecdn.net\/item\/image\/010\/556\/355DEE09427C60C8.jpeg!c560x560_q80.auto",
    "source_url":"https:\/\/www.sayweee.com\/en\/category\/seasoning08\/Soy-Sauce?page=1&offset=0&filters=%7B%22catalogue_num%22%3A%22seasoning08%22%7D&trigger_type=taxonomy_seasoning08&filter_sub_category=seasoning"
  },
  {
    "category":"sauce",
    "product_name":"Taoda Hong Kong Little pan rice Sauce 250ml * 1 bottle 0 Add Cantonese soy sauce special braised rice sauce 250 ml",
    "price":19.35,
    "unit_price":"$0.07\/ml",
    "sales_count":null,
    "image_url":"https:\/\/img08.weeecdn.net\/item\/image\/587\/395\/26A9FE053BE9D54F.jpeg!c560x560_q80.auto",
    "source_url":"https:\/\/www.sayweee.com\/en\/category\/seasoning08\/Soy-Sauce?page=1&offset=0&filters=%7B%22catalogue_num%22%3A%22seasoning08%22%7D&trigger_type=taxonomy_seasoning08&filter_sub_category=seasoning"
  },
  {
    "category":"sauce",
    "product_name":"Haitian High Umami Extremely Fresh Soy Sauce 100ml*1 bottle 100 g",
    "price":5.35,
    "unit_price":"$0.05\/g",
    "sales_count":null,
    "image_url":"https:\/\/img08.weeecdn.net\/item\/image\/447\/964\/4FCFE3A8FAE7FD1.webp!c560x560_q80.auto",
    "source_url":"https:\/\/www.sayweee.com\/en\/category\/seasoning08\/Soy-Sauce?page=1&offset=0&filters=%7B%22catalogue_num%22%3A%22seasoning08%22%7D&trigger_type=taxonomy_seasoning08&filter_sub_category=seasoning"
  },
  {
    "category":"sauce",
    "product_name":"Haitian small straw mushroom dark soy sauce stir-fry coloring sauce 200ml*1 bottle 200 g",
    "price":8.92,
    "unit_price":"$0.04\/g",
    "sales_count":null,
    "image_url":"https:\/\/img08.weeecdn.net\/item\/image\/244\/617\/523F1CC61995EB25.webp!c560x560_q80.auto",
    "source_url":"https:\/\/www.sayweee.com\/en\/category\/seasoning08\/Soy-Sauce?page=1&offset=0&filters=%7B%22catalogue_num%22%3A%22seasoning08%22%7D&trigger_type=taxonomy_seasoning08&filter_sub_category=seasoning"
  },
  {
    "category":"sauce",
    "product_name":"Denemon 3-Year Barrel-Aged Tamari Soy Sauce 200ml 404 g",
    "price":33.49,
    "unit_price":"$0.08\/g",
    "sales_count":null,
    "image_url":"https:\/\/img08.weeecdn.net\/item\/image\/139\/783\/CD4FFDD766087AA.jpeg!c560x560_q80.auto",
    "source_url":"https:\/\/www.sayweee.com\/en\/category\/seasoning08\/Soy-Sauce?page=1&offset=0&filters=%7B%22catalogue_num%22%3A%22seasoning08%22%7D&trigger_type=taxonomy_seasoning08&filter_sub_category=seasoning"
  },
  {
    "category":"sauce",
    "product_name":"Shinho Liuyuexian Premium Lemon Seasoned Fish Soy Sauce 380 ml",
    "price":3.99,
    "unit_price":"nan",
    "sales_count":null,
    "image_url":"https:\/\/img08.weeecdn.net\/item\/image\/560\/642\/7EED769B4ED097D.png!c560x560_q80.auto",
    "source_url":"https:\/\/www.sayweee.com\/en\/category\/seasoning08\/Soy-Sauce?page=1&offset=0&filters=%7B%22catalogue_num%22%3A%22seasoning08%22%7D&trigger_type=taxonomy_seasoning08&filter_sub_category=seasoning"
  },
  {
    "category":"sauce",
    "product_name":"Shinho Liuyuexian Less Sodium Original Soy Sauce 380 ml",
    "price":5.99,
    "unit_price":"nan",
    "sales_count":null,
    "image_url":"https:\/\/img08.weeecdn.net\/item\/image\/158\/395\/3A489759800C5FD6.png!c560x560_q80.auto",
    "source_url":"https:\/\/www.sayweee.com\/en\/category\/seasoning08\/Soy-Sauce?page=1&offset=0&filters=%7B%22catalogue_num%22%3A%22seasoning08%22%7D&trigger_type=taxonomy_seasoning08&filter_sub_category=seasoning"
  },
  {
    "category":"sauce",
    "product_name":"Donggu Yipin Fresh Soy Sauce 150ml * 1 Bottle 150 ml",
    "price":13.51,
    "unit_price":"$0.09\/ml",
    "sales_count":null,
    "image_url":"https:\/\/img08.weeecdn.net\/item\/image\/058\/057\/2C154E09342C59EF.webp!c560x560_q80.auto",
    "source_url":"https:\/\/www.sayweee.com\/en\/category\/seasoning08\/Soy-Sauce?page=1&offset=0&filters=%7B%22catalogue_num%22%3A%22seasoning08%22%7D&trigger_type=taxonomy_seasoning08&filter_sub_category=seasoning"
  },
  {
    "category":"sauce",
    "product_name":"Handa Gluten-Free Tamari Soy Sauce 360ml 460 g",
    "price":26.49,
    "unit_price":"$0.05\/g",
    "sales_count":null,
    "image_url":"https:\/\/img08.weeecdn.net\/item\/image\/290\/255\/99FD3A723F411A8.jpeg!c560x560_q80.auto",
    "source_url":"https:\/\/www.sayweee.com\/en\/category\/seasoning08\/Soy-Sauce?page=1&offset=0&filters=%7B%22catalogue_num%22%3A%22seasoning08%22%7D&trigger_type=taxonomy_seasoning08&filter_sub_category=seasoning"
  },
  {
    "category":"sauce",
    "product_name":"Ichibiki Gluten-Free Tamari Soy Sauce 618 g",
    "price":19.99,
    "unit_price":"$0.03\/g",
    "sales_count":null,
    "image_url":"https:\/\/img08.weeecdn.net\/item\/image\/124\/866\/23688D2E0BB88266.jpeg!c560x560_q80.auto",
    "source_url":"https:\/\/www.sayweee.com\/en\/category\/seasoning08\/Soy-Sauce?page=1&offset=0&filters=%7B%22catalogue_num%22%3A%22seasoning08%22%7D&trigger_type=taxonomy_seasoning08&filter_sub_category=seasoning"
  },
  {
    "category":"sauce",
    "product_name":"Kamebishi 3-Year Aged Soy Sauce Salt 25g 40 g",
    "price":17.49,
    "unit_price":"$0.43\/g",
    "sales_count":null,
    "image_url":"https:\/\/img08.weeecdn.net\/item\/image\/094\/268\/2EEDFD9921703FDE.jpeg!c560x560_q80.auto",
    "source_url":"https:\/\/www.sayweee.com\/en\/category\/seasoning08\/Soy-Sauce?page=1&offset=0&filters=%7B%22catalogue_num%22%3A%22seasoning08%22%7D&trigger_type=taxonomy_seasoning08&filter_sub_category=seasoning"
  },
  {
    "category":"sauce",
    "product_name":"Kikkoman Halal Gluten-Free Soy Sauce 1L 1200 g",
    "price":29.99,
    "unit_price":"nan",
    "sales_count":null,
    "image_url":"https:\/\/img08.weeecdn.net\/item\/image\/488\/947\/1A4EC9E1331898.jpeg!c560x560_q80.auto",
    "source_url":"https:\/\/www.sayweee.com\/en\/category\/seasoning08\/Soy-Sauce?page=1&offset=0&filters=%7B%22catalogue_num%22%3A%22seasoning08%22%7D&trigger_type=taxonomy_seasoning08&filter_sub_category=seasoning"
  },
  {
    "category":"sauce",
    "product_name":"Yuasa Soy Sauce Marushin Yuzu Ponzu 200ml 200 ml",
    "price":25.99,
    "unit_price":"$0.12\/ml",
    "sales_count":null,
    "image_url":"https:\/\/img08.weeecdn.net\/item\/image\/888\/366\/4DBA7427EA1F4BF6.png!c560x560_q80.auto",
    "source_url":"https:\/\/www.sayweee.com\/en\/category\/seasoning08\/Soy-Sauce?page=1&offset=0&filters=%7B%22catalogue_num%22%3A%22seasoning08%22%7D&trigger_type=taxonomy_seasoning08&filter_sub_category=seasoning"
  },
  {
    "category":"sauce",
    "product_name":"Yuasa Soy Sauce Concentrated Yuzu Plum Soup 200ml 200 ml",
    "price":25.99,
    "unit_price":"$0.12\/ml",
    "sales_count":null,
    "image_url":"https:\/\/img08.weeecdn.net\/item\/image\/046\/870\/4388777164A81DD5.png!c560x560_q80.auto",
    "source_url":"https:\/\/www.sayweee.com\/en\/category\/seasoning08\/Soy-Sauce?page=1&offset=0&filters=%7B%22catalogue_num%22%3A%22seasoning08%22%7D&trigger_type=taxonomy_seasoning08&filter_sub_category=seasoning"
  },
  {
    "category":"sauce",
    "product_name":"Yuasa Soy Sauce Rosanjin Soy Sauce 2024 200ml 200 ml",
    "price":89.99,
    "unit_price":"$0.44\/ml",
    "sales_count":null,
    "image_url":"https:\/\/img08.weeecdn.net\/item\/image\/223\/148\/1C0FC9FFD0FCA981.png!c560x560_q80.auto",
    "source_url":"https:\/\/www.sayweee.com\/en\/category\/seasoning08\/Soy-Sauce?page=1&offset=0&filters=%7B%22catalogue_num%22%3A%22seasoning08%22%7D&trigger_type=taxonomy_seasoning08&filter_sub_category=seasoning"
  },
  {
    "category":"sauce",
    "product_name":"Kikkoman Japanese Dark Soy Sauce 1L 1200 g",
    "price":29.99,
    "unit_price":"nan",
    "sales_count":null,
    "image_url":"https:\/\/img08.weeecdn.net\/item\/image\/683\/935\/6AC81965E7CBDD8C.jpeg!c560x560_q80.auto",
    "source_url":"https:\/\/www.sayweee.com\/en\/category\/seasoning08\/Soy-Sauce?page=1&offset=0&filters=%7B%22catalogue_num%22%3A%22seasoning08%22%7D&trigger_type=taxonomy_seasoning08&filter_sub_category=seasoning"
  },
  {
    "category":"sauce",
    "product_name":"Kikkoman Raw Soy Sauce 450ml 581 g",
    "price":20.99,
    "unit_price":"$0.03\/g",
    "sales_count":null,
    "image_url":"https:\/\/img08.weeecdn.net\/item\/image\/207\/395\/271E3E94E4268AF2.jpeg!c560x560_q80.auto",
    "source_url":"https:\/\/www.sayweee.com\/en\/category\/seasoning08\/Soy-Sauce?page=1&offset=0&filters=%7B%22catalogue_num%22%3A%22seasoning08%22%7D&trigger_type=taxonomy_seasoning08&filter_sub_category=seasoning"
  },
  {
    "category":"sauce",
    "product_name":"Kikkoman Soy Sauce Glass Dispenser 150ml 339 g",
    "price":17.49,
    "unit_price":"$0.05\/g",
    "sales_count":null,
    "image_url":"https:\/\/img08.weeecdn.net\/item\/image\/947\/179\/378F659CA184AD90.jpeg!c560x560_q80.auto",
    "source_url":"https:\/\/www.sayweee.com\/en\/category\/seasoning08\/Soy-Sauce?page=1&offset=0&filters=%7B%22catalogue_num%22%3A%22seasoning08%22%7D&trigger_type=taxonomy_seasoning08&filter_sub_category=seasoning"
  },
  {
    "category":"sauce",
    "product_name":"Kikkoman Yuzu Ponzu Sauce 250ml 470 g",
    "price":18.49,
    "unit_price":"$0.03\/g",
    "sales_count":null,
    "image_url":"https:\/\/img08.weeecdn.net\/item\/image\/592\/254\/671C233B1A06762A.jpeg!c560x560_q80.auto",
    "source_url":"https:\/\/www.sayweee.com\/en\/category\/seasoning08\/Soy-Sauce?page=1&offset=0&filters=%7B%22catalogue_num%22%3A%22seasoning08%22%7D&trigger_type=taxonomy_seasoning08&filter_sub_category=seasoning"
  },
  {
    "category":"sauce",
    "product_name":"Mishima 0 Fat Cooking Juice 235 g",
    "price":12.45,
    "unit_price":"$0.05\/g",
    "sales_count":null,
    "image_url":"https:\/\/img08.weeecdn.net\/item\/image\/249\/806\/23B7EA5AEF6E51D9.jpeg!c560x560_q80.auto",
    "source_url":"https:\/\/www.sayweee.com\/en\/category\/seasoning08\/Soy-Sauce?page=1&offset=0&filters=%7B%22catalogue_num%22%3A%22seasoning08%22%7D&trigger_type=taxonomy_seasoning08&filter_sub_category=seasoning"
  },
  {
    "category":"sauce",
    "product_name":"Shaanxi oil-sprinkled chili, a specialty of Xi'an. Chili oil is bright red. 230 g",
    "price":23.99,
    "unit_price":"$0.10\/g",
    "sales_count":null,
    "image_url":"https:\/\/img08.weeecdn.net\/item\/image\/916\/287\/5779B62952D942E4.png!c560x560_q80.auto",
    "source_url":"https:\/\/www.sayweee.com\/en\/category\/seasoning08\/Soy-Sauce?page=1&offset=0&filters=%7B%22catalogue_num%22%3A%22seasoning08%22%7D&trigger_type=taxonomy_seasoning08&filter_sub_category=seasoning"
  },
  {
    "category":"sauce",
    "product_name":"Shisheng Organic Soy Sauce 260ml * 1 Bottle Brewed Soy Sauce Braised Braised Dishes Stir Fry Cold Salad to Enhance Freshness 260 ml",
    "price":23.66,
    "unit_price":"$0.09\/ml",
    "sales_count":null,
    "image_url":"https:\/\/img08.weeecdn.net\/item\/image\/014\/940\/76129759002D5312.webp!c560x560_q80.auto",
    "source_url":"https:\/\/www.sayweee.com\/en\/category\/seasoning08\/Soy-Sauce?page=1&offset=0&filters=%7B%22catalogue_num%22%3A%22seasoning08%22%7D&trigger_type=taxonomy_seasoning08&filter_sub_category=seasoning"
  },
  {
    "category":"sauce",
    "product_name":"Shinho Liuyuexian Premium Soy Sauce (Value Size) 1000 ml",
    "price":9.49,
    "unit_price":"nan",
    "sales_count":null,
    "image_url":"https:\/\/img08.weeecdn.net\/item\/image\/623\/807\/90E509DB97A3A1F.png!c560x560_q80.auto",
    "source_url":"https:\/\/www.sayweee.com\/en\/category\/seasoning08\/Soy-Sauce?page=1&offset=0&filters=%7B%22catalogue_num%22%3A%22seasoning08%22%7D&trigger_type=taxonomy_seasoning08&filter_sub_category=seasoning"
  },
  {
    "category":"sauce",
    "product_name":"Shinho Liuyuexian Braised Soy Sauce (Value Size) 1000 ml",
    "price":9.01,
    "unit_price":"nan",
    "sales_count":null,
    "image_url":"https:\/\/img08.weeecdn.net\/item\/image\/620\/573\/27BB7BB61C6387B6.png!c560x560_q80.auto",
    "source_url":"https:\/\/www.sayweee.com\/en\/category\/seasoning08\/Soy-Sauce?page=1&offset=0&filters=%7B%22catalogue_num%22%3A%22seasoning08%22%7D&trigger_type=taxonomy_seasoning08&filter_sub_category=seasoning"
  },
  {
    "category":"sauce",
    "product_name":"Haitian boiled sauce, soy sauce, zero 0 fat, boiled prawns, steamed fish, boiled vegetables, cold sauce 100ml 100 g",
    "price":6.42,
    "unit_price":"$0.06\/g",
    "sales_count":null,
    "image_url":"https:\/\/img08.weeecdn.net\/item\/image\/247\/334\/70D5C1AE8EF26DA3.webp!c560x560_q80.auto",
    "source_url":"https:\/\/www.sayweee.com\/en\/category\/seasoning08\/Soy-Sauce?page=1&offset=0&filters=%7B%22catalogue_num%22%3A%22seasoning08%22%7D&trigger_type=taxonomy_seasoning08&filter_sub_category=seasoning"
  },
  {
    "category":"sauce",
    "product_name":"Fundodai \"Clear\" Soy Sauce 100 ml",
    "price":9.99,
    "unit_price":"$0.09\/ml",
    "sales_count":null,
    "image_url":"https:\/\/img08.weeecdn.net\/item\/image\/636\/488\/25CAF7C7C59DF1E3.webp!c560x560_q80.auto",
    "source_url":"https:\/\/www.sayweee.com\/en\/category\/seasoning08\/Soy-Sauce?page=1&offset=0&filters=%7B%22catalogue_num%22%3A%22seasoning08%22%7D&trigger_type=taxonomy_seasoning08&filter_sub_category=seasoning"
  },
  {
    "category":"sauce",
    "product_name":"Hot pot soy sauce  seafood sushi soy sauce 150 ml",
    "price":13.03,
    "unit_price":"$0.08\/ml",
    "sales_count":null,
    "image_url":"https:\/\/img08.weeecdn.net\/item\/image\/195\/389\/4B9D8BA5A4FCEE84.webp!c560x560_q80.auto",
    "source_url":"https:\/\/www.sayweee.com\/en\/category\/seasoning08\/Soy-Sauce?page=1&offset=0&filters=%7B%22catalogue_num%22%3A%22seasoning08%22%7D&trigger_type=taxonomy_seasoning08&filter_sub_category=seasoning"
  },
  {
    "category":"sauce",
    "product_name":"Bai Zhuo Juice Bai Zhuo Soy Sauce 250 ml",
    "price":14.21,
    "unit_price":"$0.05\/ml",
    "sales_count":null,
    "image_url":"https:\/\/img08.weeecdn.net\/item\/image\/522\/992\/45077C7CB1C265C2.webp!c560x560_q80.auto",
    "source_url":"https:\/\/www.sayweee.com\/en\/category\/seasoning08\/Soy-Sauce?page=1&offset=0&filters=%7B%22catalogue_num%22%3A%22seasoning08%22%7D&trigger_type=taxonomy_seasoning08&filter_sub_category=seasoning"
  },
  {
    "category":"sauce",
    "product_name":"Lee Kum Kee Premium Dark Soy Sauce 500 ml",
    "price":3.79,
    "unit_price":"$0.22\/fl.oz",
    "sales_count":null,
    "image_url":"https:\/\/img08.weeecdn.net\/product\/image\/171\/866\/1C797E3FAD20D738.png!c560x560_q80.auto",
    "source_url":"https:\/\/www.sayweee.com\/en\/category\/seasoning08\/Soy-Sauce?page=1&offset=0&filters=%7B%22catalogue_num%22%3A%22seasoning08%22%7D&trigger_type=taxonomy_seasoning08&filter_sub_category=seasoning"
  },
  {
    "category":"sauce",
    "product_name":"Kikkoman Organic Soy Sauce 10 fl.oz",
    "price":5.99,
    "unit_price":"$0.59\/fl.oz",
    "sales_count":null,
    "image_url":"https:\/\/img08.weeecdn.net\/product\/image\/951\/335\/6B0DF36127986AE0.png!c560x560_q80.auto",
    "source_url":"https:\/\/www.sayweee.com\/en\/category\/seasoning08\/Soy-Sauce?page=1&offset=0&filters=%7B%22catalogue_num%22%3A%22seasoning08%22%7D&trigger_type=taxonomy_seasoning08&filter_sub_category=seasoning"
  },
  {
    "category":"sauce",
    "product_name":"Kimlan Grade-A Light Soy Sauce 20 fl.oz",
    "price":4.79,
    "unit_price":"$0.23\/fl.oz",
    "sales_count":100.0,
    "image_url":"https:\/\/img08.weeecdn.net\/item\/image\/476\/769\/676826F15E3FBE9D.jpg!c560x560_q80.auto",
    "source_url":"https:\/\/www.sayweee.com\/en\/category\/seasoning08\/Soy-Sauce?page=1&offset=0&filters=%7B%22catalogue_num%22%3A%22seasoning08%22%7D&trigger_type=taxonomy_seasoning08&filter_sub_category=seasoning"
  },
  {
    "category":"sauce",
    "product_name":"MONGGO Soy Sauce, Jin 30.43 fl.oz",
    "price":4.99,
    "unit_price":"$0.16\/fl.oz",
    "sales_count":null,
    "image_url":"https:\/\/img08.weeecdn.net\/product\/image\/905\/021\/A5E82E1B5E3588C.png!c560x560_q80.auto",
    "source_url":"https:\/\/www.sayweee.com\/en\/category\/seasoning08\/Soy-Sauce?page=1&offset=0&filters=%7B%22catalogue_num%22%3A%22seasoning08%22%7D&trigger_type=taxonomy_seasoning08&filter_sub_category=seasoning"
  },
  {
    "category":"sauce",
    "product_name":"Laoganma Spicy Crispy Chili Oil 210 g",
    "price":3.99,
    "unit_price":"$0.53\/oz",
    "sales_count":null,
    "image_url":"https:\/\/img08.weeecdn.net\/product\/image\/061\/101\/58E9329B422EB408.png!c560x560_q80.auto",
    "source_url":"https:\/\/www.sayweee.com\/en\/category\/seasoning05\/Hot-Sauce?page=1&offset=0&filters=%7B%22catalogue_num%22%3A%22seasoning05%22%7D&trigger_type=taxonomy_seasoning05&filter_sub_category=seasoning"
  },
  {
    "category":"sauce",
    "product_name":"S&B Umami Topping Crunchy Garlic with Chili Oil, Mild 3.88 oz",
    "price":5.49,
    "unit_price":"$1.41\/oz",
    "sales_count":null,
    "image_url":"https:\/\/img08.weeecdn.net\/item\/image\/135\/067\/145BEC1E38CB3F5A.jpg!c560x560_q80.auto",
    "source_url":"https:\/\/www.sayweee.com\/en\/category\/seasoning05\/Hot-Sauce?page=1&offset=0&filters=%7B%22catalogue_num%22%3A%22seasoning05%22%7D&trigger_type=taxonomy_seasoning05&filter_sub_category=seasoning"
  },
  {
    "category":"sauce",
    "product_name":"Laoganma Chili Oil with Fermented Soybeans 280 g",
    "price":3.99,
    "unit_price":"$0.40\/oz",
    "sales_count":null,
    "image_url":"https:\/\/img08.weeecdn.net\/item\/image\/982\/690\/2B78D417431877E2.jpg!c560x560_q80.auto",
    "source_url":"https:\/\/www.sayweee.com\/en\/category\/seasoning05\/Hot-Sauce?page=1&offset=0&filters=%7B%22catalogue_num%22%3A%22seasoning05%22%7D&trigger_type=taxonomy_seasoning05&filter_sub_category=seasoning"
  },
  {
    "category":"sauce",
    "product_name":"Huy Fong Sriracha Chili Sauce 28 oz",
    "price":5.99,
    "unit_price":"$0.21\/oz",
    "sales_count":800.0,
    "image_url":"https:\/\/img08.weeecdn.net\/product\/image\/617\/388\/555594914EB1FED5.png!c560x560_q80.auto",
    "source_url":"https:\/\/www.sayweee.com\/en\/category\/seasoning05\/Hot-Sauce?page=1&offset=0&filters=%7B%22catalogue_num%22%3A%22seasoning05%22%7D&trigger_type=taxonomy_seasoning05&filter_sub_category=seasoning"
  },
  {
    "category":"sauce",
    "product_name":"CJ Foods Gochujang Hot Pepper Paste, Mild Flavor 1000 g",
    "price":7.49,
    "unit_price":"$0.21\/oz",
    "sales_count":null,
    "image_url":"https:\/\/img08.weeecdn.net\/product\/image\/207\/528\/74413EB550C14B7F.png!c560x560_q80.auto",
    "source_url":"https:\/\/www.sayweee.com\/en\/category\/seasoning05\/Hot-Sauce?page=1&offset=0&filters=%7B%22catalogue_num%22%3A%22seasoning05%22%7D&trigger_type=taxonomy_seasoning05&filter_sub_category=seasoning"
  },
  {
    "category":"sauce",
    "product_name":"Lee Kum Kee Chiu Chow Style Chili Crisp Oil 7.2 oz",
    "price":5.49,
    "unit_price":"$0.76\/oz",
    "sales_count":300.0,
    "image_url":"https:\/\/img08.weeecdn.net\/product\/image\/523\/967\/1D18496DBD530A61.png!c560x560_q80.auto",
    "source_url":"https:\/\/www.sayweee.com\/en\/category\/seasoning05\/Hot-Sauce?page=1&offset=0&filters=%7B%22catalogue_num%22%3A%22seasoning05%22%7D&trigger_type=taxonomy_seasoning05&filter_sub_category=seasoning"
  },
  {
    "category":"sauce",
    "product_name":"Samyang Hot Sauce for Buldak Ramen, Artificial Spicy Chicken Flavor Sauce 7.05 oz",
    "price":6.49,
    "unit_price":"$0.92\/oz",
    "sales_count":null,
    "image_url":"https:\/\/img08.weeecdn.net\/product\/image\/564\/993\/23194366A1773F1E.png!c560x560_q80.auto",
    "source_url":"https:\/\/www.sayweee.com\/en\/category\/seasoning05\/Hot-Sauce?page=1&offset=0&filters=%7B%22catalogue_num%22%3A%22seasoning05%22%7D&trigger_type=taxonomy_seasoning05&filter_sub_category=seasoning"
  },
  {
    "category":"sauce",
    "product_name":"Huy Fong Foods Sriracha Hot Chili Sauce 481g 17 oz",
    "price":5.79,
    "unit_price":"$0.34\/oz",
    "sales_count":300.0,
    "image_url":"https:\/\/img08.weeecdn.net\/item\/image\/764\/567\/3DFCAABC0D80A052.jpg!c560x560_q80.auto",
    "source_url":"https:\/\/www.sayweee.com\/en\/category\/seasoning05\/Hot-Sauce?page=1&offset=0&filters=%7B%22catalogue_num%22%3A%22seasoning05%22%7D&trigger_type=taxonomy_seasoning05&filter_sub_category=seasoning"
  },
  {
    "category":"sauce",
    "product_name":"Liupo Chili Paste 230 g",
    "price":4.49,
    "unit_price":"$0.55\/oz",
    "sales_count":null,
    "image_url":"https:\/\/img08.weeecdn.net\/product\/image\/610\/863\/76586F6F496775BC.jpeg!c560x560_q80.auto",
    "source_url":"https:\/\/www.sayweee.com\/en\/category\/seasoning05\/Hot-Sauce?page=1&offset=0&filters=%7B%22catalogue_num%22%3A%22seasoning05%22%7D&trigger_type=taxonomy_seasoning05&filter_sub_category=seasoning"
  },
  {
    "category":"sauce",
    "product_name":"Chinsu Chili Sauce 500 g",
    "price":3.79,
    "unit_price":"$0.21\/oz",
    "sales_count":1.0,
    "image_url":"https:\/\/img08.weeecdn.net\/product\/image\/787\/401\/51EDE27FC198D0E.png!c560x560_q80.auto",
    "source_url":"https:\/\/www.sayweee.com\/en\/category\/seasoning05\/Hot-Sauce?page=1&offset=0&filters=%7B%22catalogue_num%22%3A%22seasoning05%22%7D&trigger_type=taxonomy_seasoning05&filter_sub_category=seasoning"
  },
  {
    "category":"sauce",
    "product_name":"Chinsu Chili Sauce 250 g",
    "price":1.79,
    "unit_price":"$0.20\/oz",
    "sales_count":1.0,
    "image_url":"https:\/\/img08.weeecdn.net\/product\/image\/842\/447\/645C95A6E7AAEFA7.png!c560x560_q80.auto",
    "source_url":"https:\/\/www.sayweee.com\/en\/category\/seasoning05\/Hot-Sauce?page=1&offset=0&filters=%7B%22catalogue_num%22%3A%22seasoning05%22%7D&trigger_type=taxonomy_seasoning05&filter_sub_category=seasoning"
  },
  {
    "category":"sauce",
    "product_name":"Lee Kum Kee Chili Garlic Sauce 13 oz",
    "price":5.29,
    "unit_price":"$0.40\/oz",
    "sales_count":300.0,
    "image_url":"https:\/\/img08.weeecdn.net\/item\/image\/168\/759\/20199CBBC5E999A8.jpg!c560x560_q80.auto",
    "source_url":"https:\/\/www.sayweee.com\/en\/category\/seasoning05\/Hot-Sauce?page=1&offset=0&filters=%7B%22catalogue_num%22%3A%22seasoning05%22%7D&trigger_type=taxonomy_seasoning05&filter_sub_category=seasoning"
  },
  {
    "category":"sauce",
    "product_name":"Maggi Hot & Sweet Tomato Chili Sauce 1000 g",
    "price":5.49,
    "unit_price":"$0.15\/oz",
    "sales_count":200.0,
    "image_url":"https:\/\/img08.weeecdn.net\/product\/image\/136\/262\/3F2599D991882B5E.png!c560x560_q80.auto",
    "source_url":"https:\/\/www.sayweee.com\/en\/category\/seasoning05\/Hot-Sauce?page=1&offset=0&filters=%7B%22catalogue_num%22%3A%22seasoning05%22%7D&trigger_type=taxonomy_seasoning05&filter_sub_category=seasoning"
  },
  {
    "category":"sauce",
    "product_name":"Lee Kum Kee Green Sichuan Peppercorn Oil 6.3 oz",
    "price":6.49,
    "unit_price":"$1.03\/oz",
    "sales_count":400.0,
    "image_url":"https:\/\/img08.weeecdn.net\/product\/image\/479\/445\/71798272A54A9BC9.png!c560x560_q80.auto",
    "source_url":"https:\/\/www.sayweee.com\/en\/category\/seasoning05\/Hot-Sauce?page=1&offset=0&filters=%7B%22catalogue_num%22%3A%22seasoning05%22%7D&trigger_type=taxonomy_seasoning05&filter_sub_category=seasoning"
  },
  {
    "category":"sauce",
    "product_name":"Chuanwazi Fresh Chili Oil 230 g",
    "price":3.99,
    "unit_price":"$0.49\/oz",
    "sales_count":400.0,
    "image_url":"https:\/\/img08.weeecdn.net\/product\/image\/563\/981\/74CCCB83C374BF78.png!c560x560_q80.auto",
    "source_url":"https:\/\/www.sayweee.com\/en\/category\/seasoning05\/Hot-Sauce?page=1&offset=0&filters=%7B%22catalogue_num%22%3A%22seasoning05%22%7D&trigger_type=taxonomy_seasoning05&filter_sub_category=seasoning"
  },
  {
    "category":"sauce",
    "product_name":"Chuan Nan Chili Sauce 262 g",
    "price":5.99,
    "unit_price":"$0.64\/oz",
    "sales_count":200.0,
    "image_url":"https:\/\/img08.weeecdn.net\/product\/image\/057\/995\/4053E6DD6BCDF3CC.png!c560x560_q80.auto",
    "source_url":"https:\/\/www.sayweee.com\/en\/category\/seasoning05\/Hot-Sauce?page=1&offset=0&filters=%7B%22catalogue_num%22%3A%22seasoning05%22%7D&trigger_type=taxonomy_seasoning05&filter_sub_category=seasoning"
  },
  {
    "category":"sauce",
    "product_name":"Pixian Bean Paste with Chili Oil 1200 g",
    "price":6.49,
    "unit_price":"$0.15\/oz",
    "sales_count":null,
    "image_url":"https:\/\/img08.weeecdn.net\/item\/image\/930\/572\/6F8A2B49A87F3210.jpg!c560x560_q80.auto",
    "source_url":"https:\/\/www.sayweee.com\/en\/category\/seasoning05\/Hot-Sauce?page=1&offset=0&filters=%7B%22catalogue_num%22%3A%22seasoning05%22%7D&trigger_type=taxonomy_seasoning05&filter_sub_category=seasoning"
  },
  {
    "category":"sauce",
    "product_name":"AGV Sweet Chili Sauce 165 g",
    "price":2.29,
    "unit_price":"$0.39\/oz",
    "sales_count":300.0,
    "image_url":"https:\/\/img08.weeecdn.net\/item\/image\/298\/305\/4FECD76D34D4C92D.jpg!c560x560_q80.auto",
    "source_url":"https:\/\/www.sayweee.com\/en\/category\/seasoning05\/Hot-Sauce?page=1&offset=0&filters=%7B%22catalogue_num%22%3A%22seasoning05%22%7D&trigger_type=taxonomy_seasoning05&filter_sub_category=seasoning"
  },
  {
    "category":"sauce",
    "product_name":"Otoki Gochujang Red Pepper Paste 500 g",
    "price":6.89,
    "unit_price":"$0.39\/oz",
    "sales_count":null,
    "image_url":"https:\/\/img08.weeecdn.net\/product\/image\/341\/465\/77B732291E71F6E0.png!c560x560_q80.auto",
    "source_url":"https:\/\/www.sayweee.com\/en\/category\/seasoning05\/Hot-Sauce?page=1&offset=0&filters=%7B%22catalogue_num%22%3A%22seasoning05%22%7D&trigger_type=taxonomy_seasoning05&filter_sub_category=seasoning"
  },
  {
    "category":"sauce",
    "product_name":"Chuanwazi Green and Red Chili Sauce 230 g",
    "price":3.79,
    "unit_price":"$0.46\/oz",
    "sales_count":300.0,
    "image_url":"https:\/\/img08.weeecdn.net\/product\/image\/969\/340\/176B107FB763F144.png!c560x560_q80.auto",
    "source_url":"https:\/\/www.sayweee.com\/en\/category\/seasoning05\/Hot-Sauce?page=1&offset=0&filters=%7B%22catalogue_num%22%3A%22seasoning05%22%7D&trigger_type=taxonomy_seasoning05&filter_sub_category=seasoning"
  },
  {
    "category":"sauce",
    "product_name":"Yuanxian Spicy Oil 350 ml",
    "price":5.49,
    "unit_price":"$0.46\/fl.oz",
    "sales_count":500.0,
    "image_url":"https:\/\/img08.weeecdn.net\/item\/image\/935\/506\/63BF24CDFED60728.jpg!c560x560_q80.auto",
    "source_url":"https:\/\/www.sayweee.com\/en\/category\/seasoning05\/Hot-Sauce?page=1&offset=0&filters=%7B%22catalogue_num%22%3A%22seasoning05%22%7D&trigger_type=taxonomy_seasoning05&filter_sub_category=seasoning"
  },
  {
    "category":"sauce",
    "product_name":"Cholimex Hot Chili Sauce 8.45 oz",
    "price":2.29,
    "unit_price":"$0.27\/oz",
    "sales_count":400.0,
    "image_url":"https:\/\/img08.weeecdn.net\/product\/image\/387\/981\/776286B2B0B95B38.png!c560x560_q80.auto",
    "source_url":"https:\/\/www.sayweee.com\/en\/category\/seasoning05\/Hot-Sauce?page=1&offset=0&filters=%7B%22catalogue_num%22%3A%22seasoning05%22%7D&trigger_type=taxonomy_seasoning05&filter_sub_category=seasoning"
  },
  {
    "category":"sauce",
    "product_name":"AGV Spicy Chili Sauce 165 g",
    "price":3.99,
    "unit_price":"$0.68\/oz",
    "sales_count":100.0,
    "image_url":"https:\/\/img08.weeecdn.net\/item\/image\/364\/351\/2E72CE2D8B84B0BA.jpg!c560x560_q80.auto",
    "source_url":"https:\/\/www.sayweee.com\/en\/category\/seasoning05\/Hot-Sauce?page=1&offset=0&filters=%7B%22catalogue_num%22%3A%22seasoning05%22%7D&trigger_type=taxonomy_seasoning05&filter_sub_category=seasoning"
  },
  {
    "category":"sauce",
    "product_name":"Chung Jung One Gochujang 1000 g",
    "price":14.49,
    "unit_price":"$0.41\/oz",
    "sales_count":null,
    "image_url":"https:\/\/img08.weeecdn.net\/product\/image\/832\/360\/3834A2D0A4B78235.png!c560x560_q80.auto",
    "source_url":"https:\/\/www.sayweee.com\/en\/category\/seasoning05\/Hot-Sauce?page=1&offset=0&filters=%7B%22catalogue_num%22%3A%22seasoning05%22%7D&trigger_type=taxonomy_seasoning05&filter_sub_category=seasoning"
  },
  {
    "category":"sauce",
    "product_name":"Laoganma Pickled Chili 750 g",
    "price":8.79,
    "unit_price":"$0.33\/oz",
    "sales_count":100.0,
    "image_url":"https:\/\/img08.weeecdn.net\/product\/image\/454\/697\/17A0C0708428B50D.png!c560x560_q80.auto",
    "source_url":"https:\/\/www.sayweee.com\/en\/category\/seasoning05\/Hot-Sauce?page=1&offset=0&filters=%7B%22catalogue_num%22%3A%22seasoning05%22%7D&trigger_type=taxonomy_seasoning05&filter_sub_category=seasoning"
  },
  {
    "category":"sauce",
    "product_name":"Li Hong Prickly Ash Oil 400 ml",
    "price":6.99,
    "unit_price":"$0.51\/fl.oz",
    "sales_count":300.0,
    "image_url":"https:\/\/img08.weeecdn.net\/item\/image\/101\/501\/3938B63C77BEC32A.jpg!c560x560_q80.auto",
    "source_url":"https:\/\/www.sayweee.com\/en\/category\/seasoning05\/Hot-Sauce?page=1&offset=0&filters=%7B%22catalogue_num%22%3A%22seasoning05%22%7D&trigger_type=taxonomy_seasoning05&filter_sub_category=seasoning"
  },
  {
    "category":"sauce",
    "product_name":"Cholimex Dried Chili Satay Sauce 100 g",
    "price":2.79,
    "unit_price":"$0.79\/oz",
    "sales_count":300.0,
    "image_url":"https:\/\/img08.weeecdn.net\/product\/image\/105\/699\/12750B0AB9E63766.png!c560x560_q80.auto",
    "source_url":"https:\/\/www.sayweee.com\/en\/category\/seasoning05\/Hot-Sauce?page=1&offset=0&filters=%7B%22catalogue_num%22%3A%22seasoning05%22%7D&trigger_type=taxonomy_seasoning05&filter_sub_category=seasoning"
  },
  {
    "category":"sauce",
    "product_name":"Cholimex Chili Sauce Hot 750 ml",
    "price":4.49,
    "unit_price":"$0.17\/fl.oz",
    "sales_count":600.0,
    "image_url":"https:\/\/img08.weeecdn.net\/product\/image\/560\/345\/13610D9EE4E9770B.png!c560x560_q80.auto",
    "source_url":"https:\/\/www.sayweee.com\/en\/category\/seasoning05\/Hot-Sauce?page=1&offset=0&filters=%7B%22catalogue_num%22%3A%22seasoning05%22%7D&trigger_type=taxonomy_seasoning05&filter_sub_category=seasoning"
  },
  {
    "category":"sauce",
    "product_name":"Momofuku Original Chili Crunch Chili Oil 5.3 oz",
    "price":13.49,
    "unit_price":"$2.54\/oz",
    "sales_count":50.0,
    "image_url":"https:\/\/img08.weeecdn.net\/product\/image\/089\/256\/13AB1F07F299B9E0.png!c560x560_q80.auto",
    "source_url":"https:\/\/www.sayweee.com\/en\/category\/seasoning05\/Hot-Sauce?page=1&offset=0&filters=%7B%22catalogue_num%22%3A%22seasoning05%22%7D&trigger_type=taxonomy_seasoning05&filter_sub_category=seasoning"
  },
  {
    "category":"sauce",
    "product_name":"Fiery Hot Dried Shrimp Chili Oil 7.2 oz",
    "price":7.99,
    "unit_price":"$1.10\/oz",
    "sales_count":null,
    "image_url":"https:\/\/img08.weeecdn.net\/product\/image\/085\/598\/365F99280E2DE1A4.png!c560x560_q80.auto",
    "source_url":"https:\/\/www.sayweee.com\/en\/category\/seasoning05\/Hot-Sauce?page=1&offset=0&filters=%7B%22catalogue_num%22%3A%22seasoning05%22%7D&trigger_type=taxonomy_seasoning05&filter_sub_category=seasoning"
  },
  {
    "category":"sauce",
    "product_name":"Viet Chef-Chili Garlic Sauce 17.5 oz",
    "price":5.49,
    "unit_price":"$0.31\/oz",
    "sales_count":null,
    "image_url":"https:\/\/img08.weeecdn.net\/product\/image\/621\/894\/4CD2957005E670A0.png!c560x560_q80.auto",
    "source_url":"https:\/\/www.sayweee.com\/en\/category\/seasoning05\/Hot-Sauce?page=1&offset=0&filters=%7B%22catalogue_num%22%3A%22seasoning05%22%7D&trigger_type=taxonomy_seasoning05&filter_sub_category=seasoning"
  },
  {
    "category":"sauce",
    "product_name":"LGM Oil Chili Condiments With Mushroom 210 g",
    "price":5.49,
    "unit_price":"$0.74\/oz",
    "sales_count":50.0,
    "image_url":"https:\/\/img08.weeecdn.net\/product\/image\/463\/948\/63546AE7CE7209E6.jpeg!c560x560_q80.auto",
    "source_url":"https:\/\/www.sayweee.com\/en\/category\/seasoning05\/Hot-Sauce?page=1&offset=0&filters=%7B%22catalogue_num%22%3A%22seasoning05%22%7D&trigger_type=taxonomy_seasoning05&filter_sub_category=seasoning"
  },
  {
    "category":"sauce",
    "product_name":"Szechuan Flavor Crispy Chili Sauce 700 g",
    "price":9.29,
    "unit_price":"$0.37\/oz",
    "sales_count":50.0,
    "image_url":"https:\/\/img08.weeecdn.net\/item\/image\/232\/392\/3FCD84E453CF653B.jpg!c560x560_q80.auto",
    "source_url":"https:\/\/www.sayweee.com\/en\/category\/seasoning05\/Hot-Sauce?page=1&offset=0&filters=%7B%22catalogue_num%22%3A%22seasoning05%22%7D&trigger_type=taxonomy_seasoning05&filter_sub_category=seasoning"
  },
  {
    "category":"sauce",
    "product_name":"Cuihong Spicy Red Chili Oil 200 g",
    "price":4.99,
    "unit_price":"$0.70\/oz",
    "sales_count":50.0,
    "image_url":"https:\/\/img08.weeecdn.net\/product\/image\/850\/346\/20F8BA8090A9733B.png!c560x560_q80.auto",
    "source_url":"https:\/\/www.sayweee.com\/en\/category\/seasoning05\/Hot-Sauce?page=1&offset=0&filters=%7B%22catalogue_num%22%3A%22seasoning05%22%7D&trigger_type=taxonomy_seasoning05&filter_sub_category=seasoning"
  },
  {
    "category":"sauce",
    "product_name":"SAMYANG Hot Chicken Flavored Carbonara Sauce 6 g*50 each",
    "price":9.99,
    "unit_price":"$0.94\/oz",
    "sales_count":null,
    "image_url":"https:\/\/img08.weeecdn.net\/product\/image\/823\/958\/7F8498B9120B9748.png!c560x560_q80.auto",
    "source_url":"https:\/\/www.sayweee.com\/en\/category\/seasoning05\/Hot-Sauce?page=1&offset=0&filters=%7B%22catalogue_num%22%3A%22seasoning05%22%7D&trigger_type=taxonomy_seasoning05&filter_sub_category=seasoning"
  },
  {
    "category":"sauce",
    "product_name":"Lee Kum Kee Chili Oil 7 fl.oz",
    "price":4.79,
    "unit_price":"$0.68\/fl.oz",
    "sales_count":50.0,
    "image_url":"https:\/\/img08.weeecdn.net\/product\/image\/612\/984\/2294E6CECAAB5571.png!c560x560_q80.auto",
    "source_url":"https:\/\/www.sayweee.com\/en\/category\/seasoning05\/Hot-Sauce?page=1&offset=0&filters=%7B%22catalogue_num%22%3A%22seasoning05%22%7D&trigger_type=taxonomy_seasoning05&filter_sub_category=seasoning"
  },
  {
    "category":"sauce",
    "product_name":"Fan Sao Guang Spicy Combo 280 g",
    "price":4.99,
    "unit_price":"$0.50\/oz",
    "sales_count":50.0,
    "image_url":"https:\/\/img08.weeecdn.net\/item\/image\/110\/733\/15A20D50915885AD.jpg!c560x560_q80.auto",
    "source_url":"https:\/\/www.sayweee.com\/en\/category\/seasoning05\/Hot-Sauce?page=1&offset=0&filters=%7B%22catalogue_num%22%3A%22seasoning05%22%7D&trigger_type=taxonomy_seasoning05&filter_sub_category=seasoning"
  },
  {
    "category":"sauce",
    "product_name":"Lolo Mulong's Crispy Garlic in Chili Oil, Mild Spicy 9 oz",
    "price":12.49,
    "unit_price":"$1.38\/oz",
    "sales_count":null,
    "image_url":"https:\/\/img08.weeecdn.net\/product\/image\/709\/590\/E7E6A1D83691145.png!c560x560_q80.auto",
    "source_url":"https:\/\/www.sayweee.com\/en\/category\/seasoning05\/Hot-Sauce?page=1&offset=0&filters=%7B%22catalogue_num%22%3A%22seasoning05%22%7D&trigger_type=taxonomy_seasoning05&filter_sub_category=seasoning"
  },
  {
    "category":"sauce",
    "product_name":"Lolo Mulong's Crispy Garlic in Chili Oil, Hot Spicy 9 oz",
    "price":12.49,
    "unit_price":"$1.38\/oz",
    "sales_count":null,
    "image_url":"https:\/\/img08.weeecdn.net\/item\/image\/904\/170\/EA761F196FA7183.jpg!c560x560_q80.auto",
    "source_url":"https:\/\/www.sayweee.com\/en\/category\/seasoning05\/Hot-Sauce?page=1&offset=0&filters=%7B%22catalogue_num%22%3A%22seasoning05%22%7D&trigger_type=taxonomy_seasoning05&filter_sub_category=seasoning"
  },
  {
    "category":"sauce",
    "product_name":"Lee Kum Kee Sriracha Chili Sauce 510 g",
    "price":5.29,
    "unit_price":"$0.29\/oz",
    "sales_count":null,
    "image_url":"https:\/\/img08.weeecdn.net\/product\/image\/282\/339\/5F7D46086DE296C4.png!c560x560_q80.auto",
    "source_url":"https:\/\/www.sayweee.com\/en\/category\/seasoning05\/Hot-Sauce?page=1&offset=0&filters=%7B%22catalogue_num%22%3A%22seasoning05%22%7D&trigger_type=taxonomy_seasoning05&filter_sub_category=seasoning"
  },
  {
    "category":"sauce",
    "product_name":"Cholimex Sweet and Sour Dipping Sauce 8.45 oz",
    "price":2.29,
    "unit_price":"$0.27\/oz",
    "sales_count":50.0,
    "image_url":"https:\/\/img08.weeecdn.net\/description\/image\/479\/619\/3AF61F3B4083B378.png!c560x560_q80.auto",
    "source_url":"https:\/\/www.sayweee.com\/en\/category\/seasoning05\/Hot-Sauce?page=1&offset=0&filters=%7B%22catalogue_num%22%3A%22seasoning05%22%7D&trigger_type=taxonomy_seasoning05&filter_sub_category=seasoning"
  },
  {
    "category":"sauce",
    "product_name":"Fly By Jing Sichuan Chili Crisp 6 oz",
    "price":16.49,
    "unit_price":"$2.74\/oz",
    "sales_count":null,
    "image_url":"https:\/\/img08.weeecdn.net\/product\/image\/670\/682\/23AB6F847281B57F.png!c560x560_q80.auto",
    "source_url":"https:\/\/www.sayweee.com\/en\/category\/seasoning05\/Hot-Sauce?page=1&offset=0&filters=%7B%22catalogue_num%22%3A%22seasoning05%22%7D&trigger_type=taxonomy_seasoning05&filter_sub_category=seasoning"
  },
  {
    "category":"sauce",
    "product_name":"CZW Hot Chili Oil 700 g",
    "price":9.79,
    "unit_price":"$0.39\/oz",
    "sales_count":null,
    "image_url":"https:\/\/img08.weeecdn.net\/product\/image\/005\/174\/6ED535A7E7641B58.png!c560x560_q80.auto",
    "source_url":"https:\/\/www.sayweee.com\/en\/category\/seasoning05\/Hot-Sauce?page=1&offset=0&filters=%7B%22catalogue_num%22%3A%22seasoning05%22%7D&trigger_type=taxonomy_seasoning05&filter_sub_category=seasoning"
  },
  {
    "category":"sauce",
    "product_name":"PRB Yellow Lantern Chili Sauce 240 g",
    "price":4.99,
    "unit_price":"$0.58\/oz",
    "sales_count":null,
    "image_url":"https:\/\/img08.weeecdn.net\/item\/image\/871\/730\/5BE0FC5D6FB49D17.jpg!c560x560_q80.auto",
    "source_url":"https:\/\/www.sayweee.com\/en\/category\/seasoning05\/Hot-Sauce?page=1&offset=0&filters=%7B%22catalogue_num%22%3A%22seasoning05%22%7D&trigger_type=taxonomy_seasoning05&filter_sub_category=seasoning"
  },
  {
    "category":"sauce",
    "product_name":"Ning Chi Chili with Garlic 8.63 oz",
    "price":4.99,
    "unit_price":"$0.57\/oz",
    "sales_count":200.0,
    "image_url":"https:\/\/img08.weeecdn.net\/product\/image\/875\/692\/E657777DF0D04FC.png!c560x560_q80.auto",
    "source_url":"https:\/\/www.sayweee.com\/en\/category\/seasoning05\/Hot-Sauce?page=1&offset=0&filters=%7B%22catalogue_num%22%3A%22seasoning05%22%7D&trigger_type=taxonomy_seasoning05&filter_sub_category=seasoning"
  },
  {
    "category":"sauce",
    "product_name":"Haday Signature Sauce for Rice Broad Bean Paste 300 g",
    "price":5.49,
    "unit_price":"$0.51\/oz",
    "sales_count":400.0,
    "image_url":"https:\/\/img08.weeecdn.net\/item\/image\/143\/962\/778D815685144CC2.jpg!c560x560_q80.auto",
    "source_url":"https:\/\/www.sayweee.com\/en\/category\/seasoning05\/Hot-Sauce?page=1&offset=0&filters=%7B%22catalogue_num%22%3A%22seasoning05%22%7D&trigger_type=taxonomy_seasoning05&filter_sub_category=seasoning"
  },
  {
    "category":"sauce",
    "product_name":"CJ Red Pepper Sauce for Tteokbokki 150 g",
    "price":3.79,
    "unit_price":"$0.71\/oz",
    "sales_count":null,
    "image_url":"https:\/\/img08.weeecdn.net\/product\/image\/717\/681\/1898D978DBB710DF.png!c560x560_q80.auto",
    "source_url":"https:\/\/www.sayweee.com\/en\/category\/seasoning05\/Hot-Sauce?page=1&offset=0&filters=%7B%22catalogue_num%22%3A%22seasoning05%22%7D&trigger_type=taxonomy_seasoning05&filter_sub_category=seasoning"
  },
  {
    "category":"sauce",
    "product_name":"Cholimex Super Hot Chili Sauce 330 g",
    "price":3.79,
    "unit_price":"$0.32\/oz",
    "sales_count":null,
    "image_url":"https:\/\/img08.weeecdn.net\/product\/image\/700\/582\/5DBAEC093024CB63.png!c560x560_q80.auto",
    "source_url":"https:\/\/www.sayweee.com\/en\/category\/seasoning05\/Hot-Sauce?page=1&offset=0&filters=%7B%22catalogue_num%22%3A%22seasoning05%22%7D&trigger_type=taxonomy_seasoning05&filter_sub_category=seasoning"
  },
  {
    "category":"sauce",
    "product_name":"Chuanwazi Shallot Oil Sauce 230 g",
    "price":3.29,
    "unit_price":"$0.40\/oz",
    "sales_count":50.0,
    "image_url":"https:\/\/img08.weeecdn.net\/product\/image\/587\/093\/346757FB19E2020D.png!c560x560_q80.auto",
    "source_url":"https:\/\/www.sayweee.com\/en\/category\/seasoning05\/Hot-Sauce?page=1&offset=0&filters=%7B%22catalogue_num%22%3A%22seasoning05%22%7D&trigger_type=taxonomy_seasoning05&filter_sub_category=seasoning"
  },
  {
    "category":"sauce",
    "product_name":"RKitchen Chili Garlic Oil 250 g",
    "price":10.99,
    "unit_price":"$1.24\/oz",
    "sales_count":null,
    "image_url":"https:\/\/img08.weeecdn.net\/product\/image\/412\/674\/7F4B055E931CD013.png!c560x560_q80.auto",
    "source_url":"https:\/\/www.sayweee.com\/en\/category\/seasoning05\/Hot-Sauce?page=1&offset=0&filters=%7B%22catalogue_num%22%3A%22seasoning05%22%7D&trigger_type=taxonomy_seasoning05&filter_sub_category=seasoning"
  },
  {
    "category":"sauce",
    "product_name":"CHUNGJUNGONE Hot Pepper Paste Tubes 60g x 3 tubes 1 case",
    "price":8.99,
    "unit_price":"nan",
    "sales_count":null,
    "image_url":"https:\/\/img08.weeecdn.net\/product\/image\/400\/994\/4B1CCC60D62EBC71.png!c560x560_q80.auto",
    "source_url":"https:\/\/www.sayweee.com\/en\/category\/seasoning05\/Hot-Sauce?page=1&offset=0&filters=%7B%22catalogue_num%22%3A%22seasoning05%22%7D&trigger_type=taxonomy_seasoning05&filter_sub_category=seasoning"
  },
  {
    "category":"sauce",
    "product_name":"Cholimex Plum Chilli Sauce 8.45 oz",
    "price":1.69,
    "unit_price":"$0.20\/oz",
    "sales_count":50.0,
    "image_url":"https:\/\/img08.weeecdn.net\/item\/image\/462\/089\/182308D82C82CEE9.jpg!c560x560_q80.auto",
    "source_url":"https:\/\/www.sayweee.com\/en\/category\/seasoning05\/Hot-Sauce?page=1&offset=0&filters=%7B%22catalogue_num%22%3A%22seasoning05%22%7D&trigger_type=taxonomy_seasoning05&filter_sub_category=seasoning"
  },
  {
    "category":"sauce",
    "product_name":"Chung Jung One Korean Red Chili Pepper Paste with Vinegar 300 g",
    "price":5.49,
    "unit_price":"$0.51\/oz",
    "sales_count":50.0,
    "image_url":"https:\/\/img08.weeecdn.net\/product\/image\/653\/878\/29F64AD481A55770.png!c560x560_q80.auto",
    "source_url":"https:\/\/www.sayweee.com\/en\/category\/seasoning05\/Hot-Sauce?page=1&offset=0&filters=%7B%22catalogue_num%22%3A%22seasoning05%22%7D&trigger_type=taxonomy_seasoning05&filter_sub_category=seasoning"
  },
  {
    "category":"sauce",
    "product_name":"Gustinos Salsa Chamoy Chilerito 33.8 oz",
    "price":1.89,
    "unit_price":"$0.05\/oz",
    "sales_count":null,
    "image_url":"https:\/\/img08.weeecdn.net\/item\/image\/918\/782\/29E6001723A24C7E.jpg!c560x560_q80.auto",
    "source_url":"https:\/\/www.sayweee.com\/en\/category\/seasoning05\/Hot-Sauce?page=1&offset=0&filters=%7B%22catalogue_num%22%3A%22seasoning05%22%7D&trigger_type=taxonomy_seasoning05&filter_sub_category=seasoning"
  },
  {
    "category":"sauce",
    "product_name":"Cuihong Red Hot Chili Sauce 750 g",
    "price":14.49,
    "unit_price":"$0.54\/oz",
    "sales_count":100.0,
    "image_url":"https:\/\/img08.weeecdn.net\/product\/image\/888\/278\/19EFE484F6F26D35.png!c560x560_q80.auto",
    "source_url":"https:\/\/www.sayweee.com\/en\/category\/seasoning05\/Hot-Sauce?page=1&offset=0&filters=%7B%22catalogue_num%22%3A%22seasoning05%22%7D&trigger_type=taxonomy_seasoning05&filter_sub_category=seasoning"
  },
  {
    "category":"sauce",
    "product_name":"Chungjungone Hot Pepper Bean Paste, Extra Hot 200 g",
    "price":7.69,
    "unit_price":"$1.08\/oz",
    "sales_count":null,
    "image_url":"https:\/\/img08.weeecdn.net\/item\/image\/896\/050\/DA81D2852BEB8A9.jpg!c560x560_q80.auto",
    "source_url":"https:\/\/www.sayweee.com\/en\/category\/seasoning05\/Hot-Sauce?page=1&offset=0&filters=%7B%22catalogue_num%22%3A%22seasoning05%22%7D&trigger_type=taxonomy_seasoning05&filter_sub_category=seasoning"
  },
  {
    "category":"sauce",
    "product_name":"Zhongba Seasoning Spicy Chili Oil 230g 230 g",
    "price":6.99,
    "unit_price":"$0.03\/g",
    "sales_count":null,
    "image_url":"https:\/\/img08.weeecdn.net\/item\/image\/650\/647\/16E6536EBE45DA84.jpeg!c560x560_q80.auto",
    "source_url":"https:\/\/www.sayweee.com\/en\/category\/seasoning05\/Hot-Sauce?page=1&offset=0&filters=%7B%22catalogue_num%22%3A%22seasoning05%22%7D&trigger_type=taxonomy_seasoning05&filter_sub_category=seasoning"
  },
  {
    "category":"sauce",
    "product_name":"Paldo Bibimjang Sauce 380 g",
    "price":8.79,
    "unit_price":"$0.65\/oz",
    "sales_count":null,
    "image_url":"https:\/\/img08.weeecdn.net\/item\/image\/477\/450\/5A855D17B6D7C35.jpg!c560x560_q80.auto",
    "source_url":"https:\/\/www.sayweee.com\/en\/category\/seasoning05\/Hot-Sauce?page=1&offset=0&filters=%7B%22catalogue_num%22%3A%22seasoning05%22%7D&trigger_type=taxonomy_seasoning05&filter_sub_category=seasoning"
  },
  {
    "category":"sauce",
    "product_name":"Sky Valley, Organic Sambal Oelek 7 oz",
    "price":6.79,
    "unit_price":"$0.97\/oz",
    "sales_count":null,
    "image_url":"https:\/\/img08.weeecdn.net\/product\/image\/635\/014\/34DB7342F52179A4.png!c560x560_q80.auto",
    "source_url":"https:\/\/www.sayweee.com\/en\/category\/seasoning05\/Hot-Sauce?page=1&offset=0&filters=%7B%22catalogue_num%22%3A%22seasoning05%22%7D&trigger_type=taxonomy_seasoning05&filter_sub_category=seasoning"
  },
  {
    "category":"sauce",
    "product_name":"Tapatio Salsa Picante Hot Sauce 10 oz",
    "price":3.79,
    "unit_price":"$0.37\/oz",
    "sales_count":null,
    "image_url":"https:\/\/img08.weeecdn.net\/item\/image\/392\/398\/38119247D7A59C4C.jpg!c560x560_q80.auto",
    "source_url":"https:\/\/www.sayweee.com\/en\/category\/seasoning05\/Hot-Sauce?page=1&offset=0&filters=%7B%22catalogue_num%22%3A%22seasoning05%22%7D&trigger_type=taxonomy_seasoning05&filter_sub_category=seasoning"
  },
  {
    "category":"sauce",
    "product_name":"El Yucateco Green Habanero Sauce 4 oz",
    "price":3.29,
    "unit_price":"$0.82\/oz",
    "sales_count":null,
    "image_url":"https:\/\/img08.weeecdn.net\/item\/image\/759\/012\/C356EE26682B5C5.jpg!c560x560_q80.auto",
    "source_url":"https:\/\/www.sayweee.com\/en\/category\/seasoning05\/Hot-Sauce?page=1&offset=0&filters=%7B%22catalogue_num%22%3A%22seasoning05%22%7D&trigger_type=taxonomy_seasoning05&filter_sub_category=seasoning"
  },
  {
    "category":"sauce",
    "product_name":"Tianjin Garlic Pepper Paste 450 g",
    "price":3.29,
    "unit_price":"$0.20\/oz",
    "sales_count":200.0,
    "image_url":"https:\/\/img08.weeecdn.net\/item\/image\/288\/736\/54BBF961FCF0870A.jpg!c560x560_q80.auto",
    "source_url":"https:\/\/www.sayweee.com\/en\/category\/seasoning05\/Hot-Sauce?page=1&offset=0&filters=%7B%22catalogue_num%22%3A%22seasoning05%22%7D&trigger_type=taxonomy_seasoning05&filter_sub_category=seasoning"
  },
  {
    "category":"sauce",
    "product_name":"Cholula Original Hot Sauce 5 oz",
    "price":4.49,
    "unit_price":"$0.89\/oz",
    "sales_count":null,
    "image_url":"https:\/\/img08.weeecdn.net\/item\/image\/177\/938\/67A0A6774F27213D.jpg!c560x560_q80.auto",
    "source_url":"https:\/\/www.sayweee.com\/en\/category\/seasoning05\/Hot-Sauce?page=1&offset=0&filters=%7B%22catalogue_num%22%3A%22seasoning05%22%7D&trigger_type=taxonomy_seasoning05&filter_sub_category=seasoning"
  },
  {
    "category":"sauce",
    "product_name":"PRB Yellow Lantern Chili Sauce Squeeze Bottle 290 g",
    "price":3.19,
    "unit_price":"$0.31\/oz",
    "sales_count":50.0,
    "image_url":"https:\/\/img08.weeecdn.net\/product\/image\/944\/064\/26BEA2546CAA47B8.png!c560x560_q80.auto",
    "source_url":"https:\/\/www.sayweee.com\/en\/category\/seasoning05\/Hot-Sauce?page=1&offset=0&filters=%7B%22catalogue_num%22%3A%22seasoning05%22%7D&trigger_type=taxonomy_seasoning05&filter_sub_category=seasoning"
  },
  {
    "category":"sauce",
    "product_name":"Nanguo Yellow Chili Sauce, Spicy 500 g",
    "price":9.79,
    "unit_price":"$0.55\/oz",
    "sales_count":50.0,
    "image_url":"https:\/\/img08.weeecdn.net\/item\/image\/618\/966\/3A7270A22C592F9B.jpg!c560x560_q80.auto",
    "source_url":"https:\/\/www.sayweee.com\/en\/category\/seasoning05\/Hot-Sauce?page=1&offset=0&filters=%7B%22catalogue_num%22%3A%22seasoning05%22%7D&trigger_type=taxonomy_seasoning05&filter_sub_category=seasoning"
  },
  {
    "category":"sauce",
    "product_name":"JALSIKBI Vinegar And Red Pepper Paste 12.3 oz",
    "price":4.49,
    "unit_price":"$0.36\/oz",
    "sales_count":null,
    "image_url":"https:\/\/img08.weeecdn.net\/product\/image\/787\/544\/FA74507FA9B4444.png!c560x560_q80.auto",
    "source_url":"https:\/\/www.sayweee.com\/en\/category\/seasoning05\/Hot-Sauce?page=1&offset=0&filters=%7B%22catalogue_num%22%3A%22seasoning05%22%7D&trigger_type=taxonomy_seasoning05&filter_sub_category=seasoning"
  },
  {
    "category":"sauce",
    "product_name":"Chopped Chili Pepper 700 g",
    "price":4.99,
    "unit_price":"$0.20\/oz",
    "sales_count":100.0,
    "image_url":"https:\/\/img08.weeecdn.net\/product\/image\/947\/881\/637743F66F4987EE.png!c560x560_q80.auto",
    "source_url":"https:\/\/www.sayweee.com\/en\/category\/seasoning05\/Hot-Sauce?page=1&offset=0&filters=%7B%22catalogue_num%22%3A%22seasoning05%22%7D&trigger_type=taxonomy_seasoning05&filter_sub_category=seasoning"
  },
  {
    "category":"sauce",
    "product_name":"Valentina Black Label Hot Sauce 12 oz",
    "price":2.79,
    "unit_price":"$0.23\/oz",
    "sales_count":null,
    "image_url":"https:\/\/img08.weeecdn.net\/item\/image\/923\/031\/25BB2BFA56129DC5.jpg!c560x560_q80.auto",
    "source_url":"https:\/\/www.sayweee.com\/en\/category\/seasoning05\/Hot-Sauce?page=1&offset=0&filters=%7B%22catalogue_num%22%3A%22seasoning05%22%7D&trigger_type=taxonomy_seasoning05&filter_sub_category=seasoning"
  },
  {
    "category":"sauce",
    "product_name":"El Yucateco Habanero Hot Sauce 4 oz",
    "price":3.29,
    "unit_price":"$0.82\/oz",
    "sales_count":null,
    "image_url":"https:\/\/img08.weeecdn.net\/item\/image\/653\/759\/53825B4B6EBB09BF.jpg!c560x560_q80.auto",
    "source_url":"https:\/\/www.sayweee.com\/en\/category\/seasoning05\/Hot-Sauce?page=1&offset=0&filters=%7B%22catalogue_num%22%3A%22seasoning05%22%7D&trigger_type=taxonomy_seasoning05&filter_sub_category=seasoning"
  },
  {
    "category":"sauce",
    "product_name":"Hula Chili Oil 750 g",
    "price":16.19,
    "unit_price":"$0.61\/oz",
    "sales_count":null,
    "image_url":"https:\/\/img08.weeecdn.net\/product\/image\/718\/007\/5B219E26541B02B5.png!c560x560_q80.auto",
    "source_url":"https:\/\/www.sayweee.com\/en\/category\/seasoning05\/Hot-Sauce?page=1&offset=0&filters=%7B%22catalogue_num%22%3A%22seasoning05%22%7D&trigger_type=taxonomy_seasoning05&filter_sub_category=seasoning"
  },
  {
    "category":"sauce",
    "product_name":"WOOMTREE Mala Hot Sauce 33.2 oz",
    "price":12.99,
    "unit_price":"$0.39\/oz",
    "sales_count":null,
    "image_url":"https:\/\/img08.weeecdn.net\/product\/image\/996\/084\/187FB682E678C72C.png!c560x560_q80.auto",
    "source_url":"https:\/\/www.sayweee.com\/en\/category\/seasoning05\/Hot-Sauce?page=1&offset=0&filters=%7B%22catalogue_num%22%3A%22seasoning05%22%7D&trigger_type=taxonomy_seasoning05&filter_sub_category=seasoning"
  },
  {
    "category":"sauce",
    "product_name":"Khantok Northern Thai Green Chili Dip (Nam Prik Num) 6.4 oz",
    "price":6.69,
    "unit_price":"$1.04\/oz",
    "sales_count":null,
    "image_url":"https:\/\/img08.weeecdn.net\/item\/image\/554\/687\/5415757C9FBDD70D.jpeg!c560x560_q80.auto",
    "source_url":"https:\/\/www.sayweee.com\/en\/category\/seasoning05\/Hot-Sauce?page=1&offset=0&filters=%7B%22catalogue_num%22%3A%22seasoning05%22%7D&trigger_type=taxonomy_seasoning05&filter_sub_category=seasoning"
  },
  {
    "category":"sauce",
    "product_name":"Wang Gochujang Red Pepper Paste 1.1lb 1 each",
    "price":6.99,
    "unit_price":"nan",
    "sales_count":null,
    "image_url":"https:\/\/img08.weeecdn.net\/item\/image\/820\/596\/1F340C51E287B8E2.png!c560x560_q80.auto",
    "source_url":"https:\/\/www.sayweee.com\/en\/category\/seasoning05\/Hot-Sauce?page=1&offset=0&filters=%7B%22catalogue_num%22%3A%22seasoning05%22%7D&trigger_type=taxonomy_seasoning05&filter_sub_category=seasoning"
  },
  {
    "category":"sauce",
    "product_name":"Yuanxian Hot Pepper Sauce 350 ml",
    "price":4.74,
    "unit_price":"nan",
    "sales_count":null,
    "image_url":"https:\/\/img08.weeecdn.net\/item\/image\/427\/802\/A1502B04460269A.png!c560x560_q80.auto",
    "source_url":"https:\/\/www.sayweee.com\/en\/category\/seasoning05\/Hot-Sauce?page=1&offset=0&filters=%7B%22catalogue_num%22%3A%22seasoning05%22%7D&trigger_type=taxonomy_seasoning05&filter_sub_category=seasoning"
  },
  {
    "category":"sauce",
    "product_name":"Thepthida Fermented Fish Thai Chili Paste 6.35 oz",
    "price":10.59,
    "unit_price":"$1.66\/oz",
    "sales_count":null,
    "image_url":"https:\/\/img08.weeecdn.net\/item\/image\/111\/963\/1A5D39EC90226660.jpeg!c560x560_q80.auto",
    "source_url":"https:\/\/www.sayweee.com\/en\/category\/seasoning05\/Hot-Sauce?page=1&offset=0&filters=%7B%22catalogue_num%22%3A%22seasoning05%22%7D&trigger_type=taxonomy_seasoning05&filter_sub_category=seasoning"
  },
  {
    "category":"sauce",
    "product_name":"[ SeaKing ] Green Chili Salt Dip 310g 1 count",
    "price":6.29,
    "unit_price":"nan",
    "sales_count":null,
    "image_url":"https:\/\/img08.weeecdn.net\/item\/image\/822\/562\/1B43D30C582BAB5B.png.jpeg!c560x560_q80.auto",
    "source_url":"https:\/\/www.sayweee.com\/en\/category\/seasoning05\/Hot-Sauce?page=1&offset=0&filters=%7B%22catalogue_num%22%3A%22seasoning05%22%7D&trigger_type=taxonomy_seasoning05&filter_sub_category=seasoning"
  },
  {
    "category":"sauce",
    "product_name":"Dongquan Chili Sauce 420 ml",
    "price":7.8,
    "unit_price":"nan",
    "sales_count":null,
    "image_url":"https:\/\/img08.weeecdn.net\/item\/image\/536\/454\/7D33ADBA0CC4B30C.png!c560x560_q80.auto",
    "source_url":"https:\/\/www.sayweee.com\/en\/category\/seasoning05\/Hot-Sauce?page=1&offset=0&filters=%7B%22catalogue_num%22%3A%22seasoning05%22%7D&trigger_type=taxonomy_seasoning05&filter_sub_category=seasoning"
  },
  {
    "category":"sauce",
    "product_name":"Squid XO Sauce 240 g",
    "price":16.0,
    "unit_price":"$0.06\/g",
    "sales_count":null,
    "image_url":"https:\/\/img08.weeecdn.net\/item\/image\/508\/043\/79FD42558CF186E5.png!c560x560_q80.auto",
    "source_url":"https:\/\/www.sayweee.com\/en\/category\/seasoning05\/Hot-Sauce?page=1&offset=0&filters=%7B%22catalogue_num%22%3A%22seasoning05%22%7D&trigger_type=taxonomy_seasoning05&filter_sub_category=seasoning"
  },
  {
    "category":"sauce",
    "product_name":"Pantai Spring Roll Sweet Chili Sauce 32.5 oz 1 each",
    "price":7.27,
    "unit_price":"nan",
    "sales_count":null,
    "image_url":"https:\/\/img08.weeecdn.net\/item\/image\/014\/864\/1F80973C22119F08.png!c560x560_q80.auto",
    "source_url":"https:\/\/www.sayweee.com\/en\/category\/seasoning05\/Hot-Sauce?page=1&offset=0&filters=%7B%22catalogue_num%22%3A%22seasoning05%22%7D&trigger_type=taxonomy_seasoning05&filter_sub_category=seasoning"
  },
  {
    "category":"sauce",
    "product_name":"NPG Sichuan Red Peppercorn Oil 7.1 Fl Oz 210 ml",
    "price":6.99,
    "unit_price":"$0.03\/ml",
    "sales_count":null,
    "image_url":"https:\/\/img08.weeecdn.net\/item\/image\/747\/263\/5C457F8951793B16.jpeg!c560x560_q80.auto",
    "source_url":"https:\/\/www.sayweee.com\/en\/category\/seasoning05\/Hot-Sauce?page=1&offset=0&filters=%7B%22catalogue_num%22%3A%22seasoning05%22%7D&trigger_type=taxonomy_seasoning05&filter_sub_category=seasoning"
  },
  {
    "category":"sauce",
    "product_name":"Good Luck Hot Sauce Mushroom & Fresh Pepper 80g 1 each",
    "price":5.19,
    "unit_price":"nan",
    "sales_count":null,
    "image_url":"https:\/\/img08.weeecdn.net\/item\/image\/164\/095\/1704A3ADF62A0F4E.png.jpeg!c560x560_q80.auto",
    "source_url":"https:\/\/www.sayweee.com\/en\/category\/seasoning05\/Hot-Sauce?page=1&offset=0&filters=%7B%22catalogue_num%22%3A%22seasoning05%22%7D&trigger_type=taxonomy_seasoning05&filter_sub_category=seasoning"
  },
  {
    "category":"sauce",
    "product_name":"Herdez Taco Sauce 7 oz",
    "price":1.79,
    "unit_price":"$0.25\/oz",
    "sales_count":null,
    "image_url":"https:\/\/img08.weeecdn.net\/product\/image\/347\/564\/7B26013939E21BA8.png!c560x560_q80.auto",
    "source_url":"https:\/\/www.sayweee.com\/en\/category\/seasoning05\/Hot-Sauce?page=1&offset=0&filters=%7B%22catalogue_num%22%3A%22seasoning05%22%7D&trigger_type=taxonomy_seasoning05&filter_sub_category=seasoning"
  },
  {
    "category":"sauce",
    "product_name":"Búfalo Classic Mexican Hot Sauce 5.7 oz",
    "price":1.49,
    "unit_price":"$0.26\/oz",
    "sales_count":null,
    "image_url":"https:\/\/img08.weeecdn.net\/item\/image\/660\/101\/5FD416930D87010A.jpg!c560x560_q80.auto",
    "source_url":"https:\/\/www.sayweee.com\/en\/category\/seasoning05\/Hot-Sauce?page=1&offset=0&filters=%7B%22catalogue_num%22%3A%22seasoning05%22%7D&trigger_type=taxonomy_seasoning05&filter_sub_category=seasoning"
  },
  {
    "category":"sauce",
    "product_name":"Salsa Huichol Hot Sauce 6.5 oz",
    "price":1.29,
    "unit_price":"$0.19\/oz",
    "sales_count":null,
    "image_url":"https:\/\/img08.weeecdn.net\/item\/image\/768\/997\/35FC1391E0C86D1.jpg!c560x560_q80.auto",
    "source_url":"https:\/\/www.sayweee.com\/en\/category\/seasoning05\/Hot-Sauce?page=1&offset=0&filters=%7B%22catalogue_num%22%3A%22seasoning05%22%7D&trigger_type=taxonomy_seasoning05&filter_sub_category=seasoning"
  },
  {
    "category":"sauce",
    "product_name":"Del Molcajete Habanero Original 9.17 oz",
    "price":3.99,
    "unit_price":"$0.43\/oz",
    "sales_count":null,
    "image_url":"https:\/\/img08.weeecdn.net\/product\/image\/602\/641\/11AE20BC19D8B0E6.jpeg!c560x560_q80.auto",
    "source_url":"https:\/\/www.sayweee.com\/en\/category\/seasoning05\/Hot-Sauce?page=1&offset=0&filters=%7B%22catalogue_num%22%3A%22seasoning05%22%7D&trigger_type=taxonomy_seasoning05&filter_sub_category=seasoning"
  },
  {
    "category":"sauce",
    "product_name":"Amor Chamoy Mild Sauce 33.8 oz",
    "price":1.49,
    "unit_price":"$0.04\/oz",
    "sales_count":null,
    "image_url":"https:\/\/img08.weeecdn.net\/product\/image\/235\/361\/4873B14B46EDEDC3.jpeg!c560x560_q80.auto",
    "source_url":"https:\/\/www.sayweee.com\/en\/category\/seasoning05\/Hot-Sauce?page=1&offset=0&filters=%7B%22catalogue_num%22%3A%22seasoning05%22%7D&trigger_type=taxonomy_seasoning05&filter_sub_category=seasoning"
  },
  {
    "category":"sauce",
    "product_name":"WOOMTREE Capsaicin Sauce 10.6 oz",
    "price":5.99,
    "unit_price":"$0.56\/oz",
    "sales_count":null,
    "image_url":"https:\/\/img08.weeecdn.net\/product\/image\/806\/409\/B4F186B59425A47.png!c560x560_q80.auto",
    "source_url":"https:\/\/www.sayweee.com\/en\/category\/seasoning05\/Hot-Sauce?page=1&offset=0&filters=%7B%22catalogue_num%22%3A%22seasoning05%22%7D&trigger_type=taxonomy_seasoning05&filter_sub_category=seasoning"
  },
  {
    "category":"sauce",
    "product_name":"A BITE OF PRIME Dice White Turnip Hot Pepper Sauce 300 g",
    "price":15.99,
    "unit_price":"$0.05\/g",
    "sales_count":null,
    "image_url":"https:\/\/img08.weeecdn.net\/item\/image\/003\/485\/58C32662B8BCD8C1.jpeg!c560x560_q80.auto",
    "source_url":"https:\/\/www.sayweee.com\/en\/category\/seasoning05\/Hot-Sauce?page=1&offset=0&filters=%7B%22catalogue_num%22%3A%22seasoning05%22%7D&trigger_type=taxonomy_seasoning05&filter_sub_category=seasoning"
  },
  {
    "category":"sauce",
    "product_name":"Dragonfly Super Hot Roasted Chili Oil 12 oz",
    "price":11.79,
    "unit_price":"$0.98\/oz",
    "sales_count":null,
    "image_url":"https:\/\/img08.weeecdn.net\/item\/image\/310\/007\/7B4832D4282881F6.jpeg!c560x560_q80.auto",
    "source_url":"https:\/\/www.sayweee.com\/en\/category\/seasoning05\/Hot-Sauce?page=1&offset=0&filters=%7B%22catalogue_num%22%3A%22seasoning05%22%7D&trigger_type=taxonomy_seasoning05&filter_sub_category=seasoning"
  },
  {
    "category":"sauce",
    "product_name":"Chunguang Yellow Lantern Chili Sauce (Spicy) 150 g",
    "price":8.27,
    "unit_price":"$0.05\/g",
    "sales_count":null,
    "image_url":"https:\/\/img08.weeecdn.net\/item\/image\/646\/747\/D4588D7AC48D22B.webp!c560x560_q80.auto",
    "source_url":"https:\/\/www.sayweee.com\/en\/category\/seasoning05\/Hot-Sauce?page=1&offset=0&filters=%7B%22catalogue_num%22%3A%22seasoning05%22%7D&trigger_type=taxonomy_seasoning05&filter_sub_category=seasoning"
  },
  {
    "category":"sauce",
    "product_name":"Chili sauce150g*1 150 g",
    "price":8.3,
    "unit_price":"$0.05\/g",
    "sales_count":null,
    "image_url":"https:\/\/img08.weeecdn.net\/item\/image\/140\/851\/4291C27D09227A7.webp!c560x560_q80.auto",
    "source_url":"https:\/\/www.sayweee.com\/en\/category\/seasoning05\/Hot-Sauce?page=1&offset=0&filters=%7B%22catalogue_num%22%3A%22seasoning05%22%7D&trigger_type=taxonomy_seasoning05&filter_sub_category=seasoning"
  },
  {
    "category":"sauce",
    "product_name":"190 grams of peanuts *1 bottle 190 g",
    "price":16.85,
    "unit_price":"$0.08\/g",
    "sales_count":null,
    "image_url":"https:\/\/img08.weeecdn.net\/item\/image\/471\/814\/353F7D4F2B3D1909.webp!c560x560_q80.auto",
    "source_url":"https:\/\/www.sayweee.com\/en\/category\/seasoning05\/Hot-Sauce?page=1&offset=0&filters=%7B%22catalogue_num%22%3A%22seasoning05%22%7D&trigger_type=taxonomy_seasoning05&filter_sub_category=seasoning"
  },
  {
    "category":"sauce",
    "product_name":"Guizhou Spicy Crispy Oil Chili 1 Bottle 240 g",
    "price":16.98,
    "unit_price":"$0.07\/g",
    "sales_count":null,
    "image_url":"https:\/\/img08.weeecdn.net\/item\/image\/510\/996\/70D3744C3EA95CB8.jpeg!c560x560_q80.auto",
    "source_url":"https:\/\/www.sayweee.com\/en\/category\/seasoning05\/Hot-Sauce?page=1&offset=0&filters=%7B%22catalogue_num%22%3A%22seasoning05%22%7D&trigger_type=taxonomy_seasoning05&filter_sub_category=seasoning"
  },
  {
    "category":"sauce",
    "product_name":"Peanut, melon seeds, five kernel chili sauce 150 g",
    "price":17.69,
    "unit_price":"$0.11\/g",
    "sales_count":null,
    "image_url":"https:\/\/img08.weeecdn.net\/item\/image\/828\/647\/7529898A9FC1BFFA.jpeg!c560x560_q80.auto",
    "source_url":"https:\/\/www.sayweee.com\/en\/category\/seasoning05\/Hot-Sauce?page=1&offset=0&filters=%7B%22catalogue_num%22%3A%22seasoning05%22%7D&trigger_type=taxonomy_seasoning05&filter_sub_category=seasoning"
  },
  {
    "category":"sauce",
    "product_name":"Miao Amei Spicy and Crispy Snack 125 g",
    "price":12.38,
    "unit_price":"$0.09\/g",
    "sales_count":null,
    "image_url":"https:\/\/img08.weeecdn.net\/item\/image\/950\/180\/6434CBC165C31594.webp!c560x560_q80.auto",
    "source_url":"https:\/\/www.sayweee.com\/en\/category\/seasoning05\/Hot-Sauce?page=1&offset=0&filters=%7B%22catalogue_num%22%3A%22seasoning05%22%7D&trigger_type=taxonomy_seasoning05&filter_sub_category=seasoning"
  },
  {
    "category":"sauce",
    "product_name":"A BITE OF PRIME Pickled Mustard Tuber Hot Pepper Sauce 300 g",
    "price":15.99,
    "unit_price":"$0.05\/g",
    "sales_count":null,
    "image_url":"https:\/\/img08.weeecdn.net\/item\/image\/642\/511\/275E83DD28A9835A.jpeg!c560x560_q80.auto",
    "source_url":"https:\/\/www.sayweee.com\/en\/category\/seasoning05\/Hot-Sauce?page=1&offset=0&filters=%7B%22catalogue_num%22%3A%22seasoning05%22%7D&trigger_type=taxonomy_seasoning05&filter_sub_category=seasoning"
  },
  {
    "category":"sauce",
    "product_name":"Chef Chens' Famous Chili Crisp 6 oz",
    "price":15.95,
    "unit_price":"$2.65\/oz",
    "sales_count":null,
    "image_url":"https:\/\/img08.weeecdn.net\/item\/image\/895\/688\/2EDF69809AE60B95.jpeg!c560x560_q80.auto",
    "source_url":"https:\/\/www.sayweee.com\/en\/category\/seasoning05\/Hot-Sauce?page=1&offset=0&filters=%7B%22catalogue_num%22%3A%22seasoning05%22%7D&trigger_type=taxonomy_seasoning05&filter_sub_category=seasoning"
  },
  {
    "category":"sauce",
    "product_name":"Taiwan Din Tai Fung Chili Oil 160 g",
    "price":20.25,
    "unit_price":"$0.12\/g",
    "sales_count":null,
    "image_url":"https:\/\/img08.weeecdn.net\/item\/image\/381\/414\/201AF7CF80FE16E.jpeg!c560x560_q80.auto",
    "source_url":"https:\/\/www.sayweee.com\/en\/category\/seasoning05\/Hot-Sauce?page=1&offset=0&filters=%7B%22catalogue_num%22%3A%22seasoning05%22%7D&trigger_type=taxonomy_seasoning05&filter_sub_category=seasoning"
  },
  {
    "category":"sauce",
    "product_name":"Taiwan Din Tai Fung Chili Sauce 170 ml",
    "price":23.85,
    "unit_price":"$0.14\/ml",
    "sales_count":null,
    "image_url":"https:\/\/img08.weeecdn.net\/item\/image\/055\/845\/3FF89EBB8457C0F3.jpeg!c560x560_q80.auto",
    "source_url":"https:\/\/www.sayweee.com\/en\/category\/seasoning05\/Hot-Sauce?page=1&offset=0&filters=%7B%22catalogue_num%22%3A%22seasoning05%22%7D&trigger_type=taxonomy_seasoning05&filter_sub_category=seasoning"
  },
  {
    "category":"sauce",
    "product_name":"FU CHUNG Garlic and Chill Sauce 180 g",
    "price":12.99,
    "unit_price":"$0.07\/g",
    "sales_count":null,
    "image_url":"https:\/\/img08.weeecdn.net\/item\/image\/416\/549\/178B8F9E9E01B5DF.jpeg!c560x560_q80.auto",
    "source_url":"https:\/\/www.sayweee.com\/en\/category\/seasoning05\/Hot-Sauce?page=1&offset=0&filters=%7B%22catalogue_num%22%3A%22seasoning05%22%7D&trigger_type=taxonomy_seasoning05&filter_sub_category=seasoning"
  },
  {
    "category":"sauce",
    "product_name":"Katayama Crushed Chili with Garlic in Olive Oil 8.1 oz",
    "price":7.99,
    "unit_price":"$0.98\/oz",
    "sales_count":null,
    "image_url":"https:\/\/img08.weeecdn.net\/item\/image\/597\/558\/1DE5B3FA50651503.jpeg!c560x560_q80.auto",
    "source_url":"https:\/\/www.sayweee.com\/en\/category\/seasoning05\/Hot-Sauce?page=1&offset=0&filters=%7B%22catalogue_num%22%3A%22seasoning05%22%7D&trigger_type=taxonomy_seasoning05&filter_sub_category=seasoning"
  },
  {
    "category":"sauce",
    "product_name":"S&B Crunchy Garlic Topping 110g\/ 1 bottle",
    "price":7.99,
    "unit_price":"nan",
    "sales_count":null,
    "image_url":"https:\/\/img08.weeecdn.net\/item\/image\/538\/334\/69A7F95D2685A8C7.jpeg!c560x560_q80.auto",
    "source_url":"https:\/\/www.sayweee.com\/en\/category\/seasoning05\/Hot-Sauce?page=1&offset=0&filters=%7B%22catalogue_num%22%3A%22seasoning05%22%7D&trigger_type=taxonomy_seasoning05&filter_sub_category=seasoning"
  },
  {
    "category":"sauce",
    "product_name":"Mae Ploy Sweet Chili Sauce 32 oz 1 each",
    "price":5.23,
    "unit_price":"nan",
    "sales_count":null,
    "image_url":"https:\/\/img08.weeecdn.net\/item\/image\/608\/134\/527E9A1582C96B1A.png!c560x560_q80.auto",
    "source_url":"https:\/\/www.sayweee.com\/en\/category\/seasoning05\/Hot-Sauce?page=1&offset=0&filters=%7B%22catalogue_num%22%3A%22seasoning05%22%7D&trigger_type=taxonomy_seasoning05&filter_sub_category=seasoning"
  },
  {
    "category":"sauce",
    "product_name":"Hot Bean Sauce 460 g",
    "price":7.85,
    "unit_price":"nan",
    "sales_count":null,
    "image_url":"https:\/\/img08.weeecdn.net\/item\/image\/864\/600\/E7BED4739B95220.png.jpeg!c560x560_q80.auto",
    "source_url":"https:\/\/www.sayweee.com\/en\/category\/seasoning05\/Hot-Sauce?page=1&offset=0&filters=%7B%22catalogue_num%22%3A%22seasoning05%22%7D&trigger_type=taxonomy_seasoning05&filter_sub_category=seasoning"
  },
  {
    "category":"sauce",
    "product_name":"Jiafeng Shaxian Chili sauce Fujian specialty 230 g",
    "price":11.51,
    "unit_price":"$0.05\/g",
    "sales_count":null,
    "image_url":"https:\/\/img08.weeecdn.net\/item\/image\/255\/073\/2C01003D00EDED5D.jpeg!c560x560_q80.auto",
    "source_url":"https:\/\/www.sayweee.com\/en\/category\/seasoning05\/Hot-Sauce?page=1&offset=0&filters=%7B%22catalogue_num%22%3A%22seasoning05%22%7D&trigger_type=taxonomy_seasoning05&filter_sub_category=seasoning"
  },
  {
    "category":"sauce",
    "product_name":"Sichuan Wazi charcoal roasted pepper sauce, Sichuan tiger skin green pepper sauce, chopped pepper sauce mixed noodles with rice, 230g*1 bottle 230 g",
    "price":23.59,
    "unit_price":"$0.10\/g",
    "sales_count":null,
    "image_url":"https:\/\/img08.weeecdn.net\/item\/image\/066\/811\/40C1A88654DE845B.webp!c560x560_q80.auto",
    "source_url":"https:\/\/www.sayweee.com\/en\/category\/seasoning05\/Hot-Sauce?page=1&offset=0&filters=%7B%22catalogue_num%22%3A%22seasoning05%22%7D&trigger_type=taxonomy_seasoning05&filter_sub_category=seasoning"
  },
  {
    "category":"sauce",
    "product_name":"Spicy Pickled Chili 450g*1 jar Guizhou Chopped Chi 450 g",
    "price":25.85,
    "unit_price":"$0.05\/g",
    "sales_count":null,
    "image_url":"https:\/\/img08.weeecdn.net\/item\/image\/938\/843\/1E934D81B9A41075.jpeg!c560x560_q80.auto",
    "source_url":"https:\/\/www.sayweee.com\/en\/category\/seasoning05\/Hot-Sauce?page=1&offset=0&filters=%7B%22catalogue_num%22%3A%22seasoning05%22%7D&trigger_type=taxonomy_seasoning05&filter_sub_category=seasoning"
  },
  {
    "category":"sauce",
    "product_name":"Guizhou Ciba Chili 200g * 1 Bag Local Huaxi Pepper Oil Chili Oil Stir fried Spicy Chicken Hotpot Base 200 g",
    "price":13.71,
    "unit_price":"$0.06\/g",
    "sales_count":null,
    "image_url":"https:\/\/img08.weeecdn.net\/item\/image\/579\/747\/1A3F3759FE98F45D.webp!c560x560_q80.auto",
    "source_url":"https:\/\/www.sayweee.com\/en\/category\/seasoning05\/Hot-Sauce?page=1&offset=0&filters=%7B%22catalogue_num%22%3A%22seasoning05%22%7D&trigger_type=taxonomy_seasoning05&filter_sub_category=seasoning"
  },
  {
    "category":"sauce",
    "product_name":"SHIH ER YUE Chili Sauce (Medium spicy) 165 g",
    "price":15.99,
    "unit_price":"$0.09\/g",
    "sales_count":null,
    "image_url":"https:\/\/img08.weeecdn.net\/item\/image\/177\/933\/3110A841EF45269C.jpeg!c560x560_q80.auto",
    "source_url":"https:\/\/www.sayweee.com\/en\/category\/seasoning05\/Hot-Sauce?page=1&offset=0&filters=%7B%22catalogue_num%22%3A%22seasoning05%22%7D&trigger_type=taxonomy_seasoning05&filter_sub_category=seasoning"
  },
  {
    "category":"sauce",
    "product_name":"Fried Chili Pepper with Black Bean (Chili Fagara Flavor) 145 g",
    "price":12.5,
    "unit_price":"$0.08\/g",
    "sales_count":null,
    "image_url":"https:\/\/img08.weeecdn.net\/item\/image\/335\/333\/481EB6B595C8B865.png!c560x560_q80.auto",
    "source_url":"https:\/\/www.sayweee.com\/en\/category\/seasoning05\/Hot-Sauce?page=1&offset=0&filters=%7B%22catalogue_num%22%3A%22seasoning05%22%7D&trigger_type=taxonomy_seasoning05&filter_sub_category=seasoning"
  },
  {
    "category":"sauce",
    "product_name":"Welcome Fragrant Charcoal Burned Chili Sauce 210g * 1 Bottle Sichuan Mixed Rice Tiger Skin Green Pepper Sauce Chopped Pepper Mixed with Noodles 210 g",
    "price":18.85,
    "unit_price":"$0.08\/g",
    "sales_count":null,
    "image_url":"https:\/\/img08.weeecdn.net\/item\/image\/980\/165\/29BE3F514968DD3B.jpeg!c560x560_q80.auto",
    "source_url":"https:\/\/www.sayweee.com\/en\/category\/seasoning05\/Hot-Sauce?page=1&offset=0&filters=%7B%22catalogue_num%22%3A%22seasoning05%22%7D&trigger_type=taxonomy_seasoning05&filter_sub_category=seasoning"
  },
  {
    "category":"sauce",
    "product_name":"Spicy cabbage pickling sauce bagged 400g * 1 bag 400 g",
    "price":20.93,
    "unit_price":"$0.05\/g",
    "sales_count":null,
    "image_url":"https:\/\/img08.weeecdn.net\/item\/image\/316\/770\/614C4B4EF0B9A4C.png!c560x560_q80.auto",
    "source_url":"https:\/\/www.sayweee.com\/en\/category\/seasoning05\/Hot-Sauce?page=1&offset=0&filters=%7B%22catalogue_num%22%3A%22seasoning05%22%7D&trigger_type=taxonomy_seasoning05&filter_sub_category=seasoning"
  },
  {
    "category":"sauce",
    "product_name":"Momoya CrispyGarlic MildChiliOil 3 Pack BB4\/27\/26 3 count",
    "price":9.19,
    "unit_price":"$3.06\/count",
    "sales_count":null,
    "image_url":"https:\/\/img08.weeecdn.net\/item\/image\/517\/115\/C60E6CC512141E2.png!c560x560_q80.auto",
    "source_url":"https:\/\/www.sayweee.com\/en\/category\/seasoning05\/Hot-Sauce?page=1&offset=0&filters=%7B%22catalogue_num%22%3A%22seasoning05%22%7D&trigger_type=taxonomy_seasoning05&filter_sub_category=seasoning"
  },
  {
    "category":"sauce",
    "product_name":"Dragonfly Super Hot Roasted Chili Oil 1 each",
    "price":11.99,
    "unit_price":"nan",
    "sales_count":null,
    "image_url":"https:\/\/img08.weeecdn.net\/item\/image\/491\/953\/2C83990DBB669436.png!c560x560_q80.auto",
    "source_url":"https:\/\/www.sayweee.com\/en\/category\/seasoning05\/Hot-Sauce?page=1&offset=0&filters=%7B%22catalogue_num%22%3A%22seasoning05%22%7D&trigger_type=taxonomy_seasoning05&filter_sub_category=seasoning"
  },
  {
    "category":"sauce",
    "product_name":"Indonesian Green Pepper Chili Sauce 180 g",
    "price":13.49,
    "unit_price":"$0.07\/g",
    "sales_count":null,
    "image_url":"https:\/\/img08.weeecdn.net\/item\/image\/596\/435\/5D48548928D7C032.jpeg!c560x560_q80.auto",
    "source_url":"https:\/\/www.sayweee.com\/en\/category\/seasoning05\/Hot-Sauce?page=1&offset=0&filters=%7B%22catalogue_num%22%3A%22seasoning05%22%7D&trigger_type=taxonomy_seasoning05&filter_sub_category=seasoning"
  },
  {
    "category":"sauce",
    "product_name":"Malaysian Hot Sauce with Shrimp Paste, Large 12 oz",
    "price":25.0,
    "unit_price":"$2.08\/oz",
    "sales_count":null,
    "image_url":"https:\/\/img08.weeecdn.net\/item\/image\/197\/749\/FE5B80497DB9117.png!c560x560_q80.auto",
    "source_url":"https:\/\/www.sayweee.com\/en\/category\/seasoning05\/Hot-Sauce?page=1&offset=0&filters=%7B%22catalogue_num%22%3A%22seasoning05%22%7D&trigger_type=taxonomy_seasoning05&filter_sub_category=seasoning"
  },
  {
    "category":"sauce",
    "product_name":"Pickled pepper millet pepper 300g*1 canned 300 g",
    "price":19.79,
    "unit_price":"$0.06\/g",
    "sales_count":null,
    "image_url":"https:\/\/img08.weeecdn.net\/item\/image\/613\/724\/12016254292B1188.jpeg!c560x560_q80.auto",
    "source_url":"https:\/\/www.sayweee.com\/en\/category\/seasoning05\/Hot-Sauce?page=1&offset=0&filters=%7B%22catalogue_num%22%3A%22seasoning05%22%7D&trigger_type=taxonomy_seasoning05&filter_sub_category=seasoning"
  },
  {
    "category":"sauce",
    "product_name":"Braised Century egg with Chili Sauce and Stir Frie 230 g",
    "price":20.89,
    "unit_price":"$0.09\/g",
    "sales_count":null,
    "image_url":"https:\/\/img08.weeecdn.net\/item\/image\/577\/884\/4FEE32AE1685280.jpeg!c560x560_q80.auto",
    "source_url":"https:\/\/www.sayweee.com\/en\/category\/seasoning05\/Hot-Sauce?page=1&offset=0&filters=%7B%22catalogue_num%22%3A%22seasoning05%22%7D&trigger_type=taxonomy_seasoning05&filter_sub_category=seasoning"
  },
  {
    "category":"sauce",
    "product_name":"Sichuan Wazi double pepper sauce 230 g",
    "price":16.8,
    "unit_price":"$0.07\/g",
    "sales_count":null,
    "image_url":"https:\/\/img08.weeecdn.net\/item\/image\/706\/937\/7D5D2231970C9CC1.webp!c560x560_q80.auto",
    "source_url":"https:\/\/www.sayweee.com\/en\/category\/seasoning05\/Hot-Sauce?page=1&offset=0&filters=%7B%22catalogue_num%22%3A%22seasoning05%22%7D&trigger_type=taxonomy_seasoning05&filter_sub_category=seasoning"
  },
  {
    "category":"sauce",
    "product_name":"spicy chilli crisp 210 g",
    "price":3.59,
    "unit_price":"nan",
    "sales_count":null,
    "image_url":"https:\/\/img08.weeecdn.net\/item\/image\/190\/876\/3DDDF7CEBC97510B.jpeg!c560x560_q80.auto",
    "source_url":"https:\/\/www.sayweee.com\/en\/category\/seasoning05\/Hot-Sauce?page=1&offset=0&filters=%7B%22catalogue_num%22%3A%22seasoning05%22%7D&trigger_type=taxonomy_seasoning05&filter_sub_category=seasoning"
  },
  {
    "category":"sauce",
    "product_name":"Zhangshiji Xiaomi spicy pickled chicken feet fish with Chinese sauerkraut 200 g",
    "price":6.98,
    "unit_price":"$0.03\/g",
    "sales_count":null,
    "image_url":"https:\/\/img08.weeecdn.net\/item\/image\/094\/217\/7E46738E3B919455.jpeg!c560x560_q80.auto",
    "source_url":"https:\/\/www.sayweee.com\/en\/category\/seasoning05\/Hot-Sauce?page=1&offset=0&filters=%7B%22catalogue_num%22%3A%22seasoning05%22%7D&trigger_type=taxonomy_seasoning05&filter_sub_category=seasoning"
  },
  {
    "category":"sauce",
    "product_name":"El Yucateco Green Habanero Sauce 4 oz",
    "price":3.29,
    "unit_price":"$0.82\/oz",
    "sales_count":null,
    "image_url":"https:\/\/img08.weeecdn.net\/item\/image\/759\/012\/C356EE26682B5C5.jpg!c560x560_q80.auto",
    "source_url":"https:\/\/www.sayweee.com\/en\/category\/seasoning05\/Hot-Sauce?page=1&offset=0&filters=%7B%22catalogue_num%22%3A%22seasoning05%22%7D&trigger_type=taxonomy_seasoning05&filter_sub_category=seasoning"
  },
  {
    "category":"sauce",
    "product_name":"Rice Brothers, Hunan Farmhouse Spicy Bell Pepper, Garlic Chili Sauce, 248g*1 bottle, under the meal, chopped pepper bibimbap, hot sauce 248 g",
    "price":23.58,
    "unit_price":"$0.09\/g",
    "sales_count":null,
    "image_url":"https:\/\/img08.weeecdn.net\/item\/image\/612\/905\/2E6D5ABFAFF3765D.webp!c560x560_q80.auto",
    "source_url":"https:\/\/www.sayweee.com\/en\/category\/seasoning05\/Hot-Sauce?page=1&offset=0&filters=%7B%22catalogue_num%22%3A%22seasoning05%22%7D&trigger_type=taxonomy_seasoning05&filter_sub_category=seasoning"
  },
  {
    "category":"sauce",
    "product_name":"Tianjin Garlic Pepper Paste 450 g",
    "price":3.29,
    "unit_price":"$0.20\/oz",
    "sales_count":200.0,
    "image_url":"https:\/\/img08.weeecdn.net\/item\/image\/288\/736\/54BBF961FCF0870A.jpg!c560x560_q80.auto",
    "source_url":"https:\/\/www.sayweee.com\/en\/category\/seasoning05\/Hot-Sauce?page=1&offset=0&filters=%7B%22catalogue_num%22%3A%22seasoning05%22%7D&trigger_type=taxonomy_seasoning05&filter_sub_category=seasoning"
  },
  {
    "category":"sauce",
    "product_name":"Sichuan Wazi charcoal grilled [roasted pepper sauce] 230g*1 bottle 230 g",
    "price":14.59,
    "unit_price":"$0.06\/g",
    "sales_count":null,
    "image_url":"https:\/\/img08.weeecdn.net\/item\/image\/066\/811\/67766E7827C062CB.webp!c560x560_q80.auto",
    "source_url":"https:\/\/www.sayweee.com\/en\/category\/seasoning05\/Hot-Sauce?page=1&offset=0&filters=%7B%22catalogue_num%22%3A%22seasoning05%22%7D&trigger_type=taxonomy_seasoning05&filter_sub_category=seasoning"
  },
  {
    "category":"sauce",
    "product_name":"Cholula Original Hot Sauce 5 oz",
    "price":4.49,
    "unit_price":"$0.89\/oz",
    "sales_count":null,
    "image_url":"https:\/\/img08.weeecdn.net\/item\/image\/177\/938\/67A0A6774F27213D.jpg!c560x560_q80.auto",
    "source_url":"https:\/\/www.sayweee.com\/en\/category\/seasoning05\/Hot-Sauce?page=1&offset=0&filters=%7B%22catalogue_num%22%3A%22seasoning05%22%7D&trigger_type=taxonomy_seasoning05&filter_sub_category=seasoning"
  },
  {
    "category":"sauce",
    "product_name":"PRB Yellow Lantern Chili Sauce Squeeze Bottle 290 g",
    "price":3.19,
    "unit_price":"$0.31\/oz",
    "sales_count":50.0,
    "image_url":"https:\/\/img08.weeecdn.net\/product\/image\/944\/064\/26BEA2546CAA47B8.png!c560x560_q80.auto",
    "source_url":"https:\/\/www.sayweee.com\/en\/category\/seasoning05\/Hot-Sauce?page=1&offset=0&filters=%7B%22catalogue_num%22%3A%22seasoning05%22%7D&trigger_type=taxonomy_seasoning05&filter_sub_category=seasoning"
  },
  {
    "category":"sauce",
    "product_name":"Hubang [Spicy Crayfish Hot Sauce] 200g*1 bottle 200 g",
    "price":15.99,
    "unit_price":"$0.07\/g",
    "sales_count":null,
    "image_url":"https:\/\/img08.weeecdn.net\/item\/image\/650\/151\/286578B357145775.webp!c560x560_q80.auto",
    "source_url":"https:\/\/www.sayweee.com\/en\/category\/seasoning05\/Hot-Sauce?page=1&offset=0&filters=%7B%22catalogue_num%22%3A%22seasoning05%22%7D&trigger_type=taxonomy_seasoning05&filter_sub_category=seasoning"
  },
  {
    "category":"sauce",
    "product_name":"Nanguo Yellow Chili Sauce, Spicy 500 g",
    "price":9.79,
    "unit_price":"$0.55\/oz",
    "sales_count":50.0,
    "image_url":"https:\/\/img08.weeecdn.net\/item\/image\/618\/966\/3A7270A22C592F9B.jpg!c560x560_q80.auto",
    "source_url":"https:\/\/www.sayweee.com\/en\/category\/seasoning05\/Hot-Sauce?page=1&offset=0&filters=%7B%22catalogue_num%22%3A%22seasoning05%22%7D&trigger_type=taxonomy_seasoning05&filter_sub_category=seasoning"
  },
  {
    "category":"sauce",
    "product_name":"Hunan specialty three color chopped chili sauce with food sauce 260 g",
    "price":14.95,
    "unit_price":"$0.05\/g",
    "sales_count":null,
    "image_url":"https:\/\/img08.weeecdn.net\/item\/image\/987\/698\/6BBCB2C45BA3D624.jpeg!c560x560_q80.auto",
    "source_url":"https:\/\/www.sayweee.com\/en\/category\/seasoning05\/Hot-Sauce?page=1&offset=0&filters=%7B%22catalogue_num%22%3A%22seasoning05%22%7D&trigger_type=taxonomy_seasoning05&filter_sub_category=seasoning"
  },
  {
    "category":"sauce",
    "product_name":"JALSIKBI Vinegar And Red Pepper Paste 12.3 oz",
    "price":4.49,
    "unit_price":"$0.36\/oz",
    "sales_count":null,
    "image_url":"https:\/\/img08.weeecdn.net\/product\/image\/787\/544\/FA74507FA9B4444.png!c560x560_q80.auto",
    "source_url":"https:\/\/www.sayweee.com\/en\/category\/seasoning05\/Hot-Sauce?page=1&offset=0&filters=%7B%22catalogue_num%22%3A%22seasoning05%22%7D&trigger_type=taxonomy_seasoning05&filter_sub_category=seasoning"
  },
  {
    "category":"sauce",
    "product_name":"Guangle pickled pepper, millet, spicy small package, wild pepper 100g*1 bag, Yunnan pepper, Chaotian pepper, pickled pepper, phoenix paw pickle 100 g",
    "price":5.97,
    "unit_price":"$0.05\/g",
    "sales_count":null,
    "image_url":"https:\/\/img08.weeecdn.net\/item\/image\/088\/007\/5FCA7716166E956B.png!c560x560_q80.auto",
    "source_url":"https:\/\/www.sayweee.com\/en\/category\/seasoning05\/Hot-Sauce?page=1&offset=0&filters=%7B%22catalogue_num%22%3A%22seasoning05%22%7D&trigger_type=taxonomy_seasoning05&filter_sub_category=seasoning"
  },
  {
    "category":"sauce",
    "product_name":"Chopped Chili Pepper 700 g",
    "price":4.99,
    "unit_price":"$0.20\/oz",
    "sales_count":100.0,
    "image_url":"https:\/\/img08.weeecdn.net\/product\/image\/947\/881\/637743F66F4987EE.png!c560x560_q80.auto",
    "source_url":"https:\/\/www.sayweee.com\/en\/category\/seasoning05\/Hot-Sauce?page=1&offset=0&filters=%7B%22catalogue_num%22%3A%22seasoning05%22%7D&trigger_type=taxonomy_seasoning05&filter_sub_category=seasoning"
  },
  {
    "category":"sauce",
    "product_name":"3. Informed chopped pepper, snail meat, chili sauce, Hunan specialty, 280g*1 bottle 280 g",
    "price":18.85,
    "unit_price":"$0.06\/g",
    "sales_count":null,
    "image_url":"https:\/\/img08.weeecdn.net\/item\/image\/425\/647\/691E47CE3587F158.webp!c560x560_q80.auto",
    "source_url":"https:\/\/www.sayweee.com\/en\/category\/seasoning05\/Hot-Sauce?page=1&offset=0&filters=%7B%22catalogue_num%22%3A%22seasoning05%22%7D&trigger_type=taxonomy_seasoning05&filter_sub_category=seasoning"
  },
  {
    "category":"sauce",
    "product_name":"Juancheng Red Oil Pixian Broad Bean Paste 360 g",
    "price":18.77,
    "unit_price":"$0.05\/g",
    "sales_count":null,
    "image_url":"https:\/\/img08.weeecdn.net\/item\/image\/104\/495\/6D5C5804E1DCAE23.jpeg!c560x560_q80.auto",
    "source_url":"https:\/\/www.sayweee.com\/en\/category\/seasoning05\/Hot-Sauce?page=1&offset=0&filters=%7B%22catalogue_num%22%3A%22seasoning05%22%7D&trigger_type=taxonomy_seasoning05&filter_sub_category=seasoning"
  },
  {
    "category":"sauce",
    "product_name":"Valentina Black Label Hot Sauce 12 oz",
    "price":2.79,
    "unit_price":"$0.23\/oz",
    "sales_count":null,
    "image_url":"https:\/\/img08.weeecdn.net\/item\/image\/923\/031\/25BB2BFA56129DC5.jpg!c560x560_q80.auto",
    "source_url":"https:\/\/www.sayweee.com\/en\/category\/seasoning05\/Hot-Sauce?page=1&offset=0&filters=%7B%22catalogue_num%22%3A%22seasoning05%22%7D&trigger_type=taxonomy_seasoning05&filter_sub_category=seasoning"
  },
  {
    "category":"sauce",
    "product_name":"10 bags Sichuan Wazi charcoal braised chili sauce 150 g",
    "price":9.74,
    "unit_price":"$0.06\/g",
    "sales_count":null,
    "image_url":"https:\/\/img08.weeecdn.net\/item\/image\/853\/826\/301AF8106838BE08.jpeg!c560x560_q80.auto",
    "source_url":"https:\/\/www.sayweee.com\/en\/category\/seasoning05\/Hot-Sauce?page=1&offset=0&filters=%7B%22catalogue_num%22%3A%22seasoning05%22%7D&trigger_type=taxonomy_seasoning05&filter_sub_category=seasoning"
  },
  {
    "category":"sauce",
    "product_name":"El Yucateco Habanero Hot Sauce 4 oz",
    "price":3.29,
    "unit_price":"$0.82\/oz",
    "sales_count":null,
    "image_url":"https:\/\/img08.weeecdn.net\/item\/image\/653\/759\/53825B4B6EBB09BF.jpg!c560x560_q80.auto",
    "source_url":"https:\/\/www.sayweee.com\/en\/category\/seasoning05\/Hot-Sauce?page=1&offset=0&filters=%7B%22catalogue_num%22%3A%22seasoning05%22%7D&trigger_type=taxonomy_seasoning05&filter_sub_category=seasoning"
  },
  {
    "category":"sauce",
    "product_name":"Hula Chili Oil 750 g",
    "price":16.19,
    "unit_price":"$0.61\/oz",
    "sales_count":null,
    "image_url":"https:\/\/img08.weeecdn.net\/product\/image\/718\/007\/5B219E26541B02B5.png!c560x560_q80.auto",
    "source_url":"https:\/\/www.sayweee.com\/en\/category\/seasoning05\/Hot-Sauce?page=1&offset=0&filters=%7B%22catalogue_num%22%3A%22seasoning05%22%7D&trigger_type=taxonomy_seasoning05&filter_sub_category=seasoning"
  },
  {
    "category":"sauce",
    "product_name":"Sichuan wazi red oil mixed vegetables seasoning spicy 100 g",
    "price":7.17,
    "unit_price":"$0.07\/g",
    "sales_count":null,
    "image_url":"https:\/\/img08.weeecdn.net\/item\/image\/078\/576\/155085689E83243C.jpeg!c560x560_q80.auto",
    "source_url":"https:\/\/www.sayweee.com\/en\/category\/seasoning05\/Hot-Sauce?page=1&offset=0&filters=%7B%22catalogue_num%22%3A%22seasoning05%22%7D&trigger_type=taxonomy_seasoning05&filter_sub_category=seasoning"
  },
  {
    "category":"sauce",
    "product_name":"WOOMTREE Mala Hot Sauce 33.2 oz",
    "price":12.99,
    "unit_price":"$0.39\/oz",
    "sales_count":null,
    "image_url":"https:\/\/img08.weeecdn.net\/product\/image\/996\/084\/187FB682E678C72C.png!c560x560_q80.auto",
    "source_url":"https:\/\/www.sayweee.com\/en\/category\/seasoning05\/Hot-Sauce?page=1&offset=0&filters=%7B%22catalogue_num%22%3A%22seasoning05%22%7D&trigger_type=taxonomy_seasoning05&filter_sub_category=seasoning"
  },
  {
    "category":"sauce",
    "product_name":"Sichuan wazi red oil mixed vegetable condiments sour and spicy flavor 100 g",
    "price":7.04,
    "unit_price":"$0.07\/g",
    "sales_count":null,
    "image_url":"https:\/\/img08.weeecdn.net\/item\/image\/375\/114\/5B898AFAA29A9433.jpeg!c560x560_q80.auto",
    "source_url":"https:\/\/www.sayweee.com\/en\/category\/seasoning05\/Hot-Sauce?page=1&offset=0&filters=%7B%22catalogue_num%22%3A%22seasoning05%22%7D&trigger_type=taxonomy_seasoning05&filter_sub_category=seasoning"
  },
  {
    "category":"sauce",
    "product_name":"Khantok Northern Thai Green Chili Dip (Nam Prik Num) 6.4 oz",
    "price":6.69,
    "unit_price":"$1.04\/oz",
    "sales_count":null,
    "image_url":"https:\/\/img08.weeecdn.net\/item\/image\/554\/687\/5415757C9FBDD70D.jpeg!c560x560_q80.auto",
    "source_url":"https:\/\/www.sayweee.com\/en\/category\/seasoning05\/Hot-Sauce?page=1&offset=0&filters=%7B%22catalogue_num%22%3A%22seasoning05%22%7D&trigger_type=taxonomy_seasoning05&filter_sub_category=seasoning"
  },
  {
    "category":"sauce",
    "product_name":"Sichuan baby oil spicy [large peanut peas - crispy and delicious] 200g*1 bottle 200 g",
    "price":14.28,
    "unit_price":"$0.07\/g",
    "sales_count":null,
    "image_url":"https:\/\/img08.weeecdn.net\/item\/image\/582\/718\/515DD9DB51A0BF4A.webp!c560x560_q80.auto",
    "source_url":"https:\/\/www.sayweee.com\/en\/category\/seasoning05\/Hot-Sauce?page=1&offset=0&filters=%7B%22catalogue_num%22%3A%22seasoning05%22%7D&trigger_type=taxonomy_seasoning05&filter_sub_category=seasoning"
  },
  {
    "category":"sauce",
    "product_name":"Wang Gochujang Red Pepper Paste 1.1lb 1 each",
    "price":6.99,
    "unit_price":"nan",
    "sales_count":null,
    "image_url":"https:\/\/img08.weeecdn.net\/item\/image\/820\/596\/1F340C51E287B8E2.png!c560x560_q80.auto",
    "source_url":"https:\/\/www.sayweee.com\/en\/category\/seasoning05\/Hot-Sauce?page=1&offset=0&filters=%7B%22catalogue_num%22%3A%22seasoning05%22%7D&trigger_type=taxonomy_seasoning05&filter_sub_category=seasoning"
  },
  {
    "category":"sauce",
    "product_name":"Rice sweep light 0 add red oil chili pepper spicy mixed oil spicy mixed vegetables kitchen seasoning [classic spicy oil spicy seeds 200g*1 bottle] 200 g",
    "price":19.99,
    "unit_price":"$0.09\/g",
    "sales_count":null,
    "image_url":"https:\/\/img08.weeecdn.net\/item\/image\/675\/363\/5EBBE3EF5D107347.webp!c560x560_q80.auto",
    "source_url":"https:\/\/www.sayweee.com\/en\/category\/seasoning05\/Hot-Sauce?page=1&offset=0&filters=%7B%22catalogue_num%22%3A%22seasoning05%22%7D&trigger_type=taxonomy_seasoning05&filter_sub_category=seasoning"
  },
  {
    "category":"sauce",
    "product_name":"Yuanxian Hot Pepper Sauce 350 ml",
    "price":4.74,
    "unit_price":"nan",
    "sales_count":null,
    "image_url":"https:\/\/img08.weeecdn.net\/item\/image\/427\/802\/A1502B04460269A.png!c560x560_q80.auto",
    "source_url":"https:\/\/www.sayweee.com\/en\/category\/seasoning05\/Hot-Sauce?page=1&offset=0&filters=%7B%22catalogue_num%22%3A%22seasoning05%22%7D&trigger_type=taxonomy_seasoning05&filter_sub_category=seasoning"
  },
  {
    "category":"sauce",
    "product_name":"Sauce flavored cake, sauce, hand-held cake, pancake, fruit layered cake, secret special seasoning sauce 500g * 1 bag 500 g",
    "price":26.78,
    "unit_price":"$0.05\/g",
    "sales_count":null,
    "image_url":"https:\/\/img08.weeecdn.net\/item\/image\/747\/135\/12B6E66EA6FD69B2.jpeg!c560x560_q80.auto",
    "source_url":"https:\/\/www.sayweee.com\/en\/category\/seasoning05\/Hot-Sauce?page=1&offset=0&filters=%7B%22catalogue_num%22%3A%22seasoning05%22%7D&trigger_type=taxonomy_seasoning05&filter_sub_category=seasoning"
  },
  {
    "category":"sauce",
    "product_name":"Thepthida Fermented Fish Thai Chili Paste 6.35 oz",
    "price":10.59,
    "unit_price":"$1.66\/oz",
    "sales_count":null,
    "image_url":"https:\/\/img08.weeecdn.net\/item\/image\/111\/963\/1A5D39EC90226660.jpeg!c560x560_q80.auto",
    "source_url":"https:\/\/www.sayweee.com\/en\/category\/seasoning05\/Hot-Sauce?page=1&offset=0&filters=%7B%22catalogue_num%22%3A%22seasoning05%22%7D&trigger_type=taxonomy_seasoning05&filter_sub_category=seasoning"
  },
  {
    "category":"sauce",
    "product_name":"Chongqing noodle seasoning 500 g",
    "price":16.64,
    "unit_price":"$0.03\/g",
    "sales_count":null,
    "image_url":"https:\/\/img08.weeecdn.net\/item\/image\/516\/424\/4163764D1FBC6EF8.png!c560x560_q80.auto",
    "source_url":"https:\/\/www.sayweee.com\/en\/category\/seasoning05\/Hot-Sauce?page=1&offset=0&filters=%7B%22catalogue_num%22%3A%22seasoning05%22%7D&trigger_type=taxonomy_seasoning05&filter_sub_category=seasoning"
  },
  {
    "category":"sauce",
    "product_name":"CHEF HUNG Hot Pepper Sauce 170 g",
    "price":12.99,
    "unit_price":"$0.07\/g",
    "sales_count":null,
    "image_url":"https:\/\/img08.weeecdn.net\/item\/image\/613\/074\/66F0820A4686D20C.jpeg!c560x560_q80.auto",
    "source_url":"https:\/\/www.sayweee.com\/en\/category\/seasoning05\/Hot-Sauce?page=1&offset=0&filters=%7B%22catalogue_num%22%3A%22seasoning05%22%7D&trigger_type=taxonomy_seasoning05&filter_sub_category=seasoning"
  },
  {
    "category":"sauce",
    "product_name":"[ SeaKing ] Green Chili Salt Dip 310g 1 count",
    "price":6.29,
    "unit_price":"nan",
    "sales_count":null,
    "image_url":"https:\/\/img08.weeecdn.net\/item\/image\/822\/562\/1B43D30C582BAB5B.png.jpeg!c560x560_q80.auto",
    "source_url":"https:\/\/www.sayweee.com\/en\/category\/seasoning05\/Hot-Sauce?page=1&offset=0&filters=%7B%22catalogue_num%22%3A%22seasoning05%22%7D&trigger_type=taxonomy_seasoning05&filter_sub_category=seasoning"
  },
  {
    "category":"sauce",
    "product_name":"Dongquan Chili Sauce 420 ml",
    "price":7.8,
    "unit_price":"nan",
    "sales_count":null,
    "image_url":"https:\/\/img08.weeecdn.net\/item\/image\/536\/454\/7D33ADBA0CC4B30C.png!c560x560_q80.auto",
    "source_url":"https:\/\/www.sayweee.com\/en\/category\/seasoning05\/Hot-Sauce?page=1&offset=0&filters=%7B%22catalogue_num%22%3A%22seasoning05%22%7D&trigger_type=taxonomy_seasoning05&filter_sub_category=seasoning"
  },
  {
    "category":"sauce",
    "product_name":"CHEF HUNG Pickled Mustard Greens (Slightly spicy) 170 g",
    "price":12.99,
    "unit_price":"$0.07\/g",
    "sales_count":null,
    "image_url":"https:\/\/img08.weeecdn.net\/item\/image\/654\/546\/13E81D955B52BE4.jpeg!c560x560_q80.auto",
    "source_url":"https:\/\/www.sayweee.com\/en\/category\/seasoning05\/Hot-Sauce?page=1&offset=0&filters=%7B%22catalogue_num%22%3A%22seasoning05%22%7D&trigger_type=taxonomy_seasoning05&filter_sub_category=seasoning"
  },
  {
    "category":"sauce",
    "product_name":"[ Li Hailong ] Spicy Chili Oil 3 Pack Food Companion 600 g",
    "price":38.9,
    "unit_price":"$0.06\/g",
    "sales_count":null,
    "image_url":"https:\/\/img08.weeecdn.net\/item\/image\/981\/429\/32C2BBF5CE1FB731.jpeg!c560x560_q80.auto",
    "source_url":"https:\/\/www.sayweee.com\/en\/category\/seasoning05\/Hot-Sauce?page=1&offset=0&filters=%7B%22catalogue_num%22%3A%22seasoning05%22%7D&trigger_type=taxonomy_seasoning05&filter_sub_category=seasoning"
  },
  {
    "category":"sauce",
    "product_name":"Squid XO Sauce 240 g",
    "price":16.0,
    "unit_price":"$0.06\/g",
    "sales_count":null,
    "image_url":"https:\/\/img08.weeecdn.net\/item\/image\/508\/043\/79FD42558CF186E5.png!c560x560_q80.auto",
    "source_url":"https:\/\/www.sayweee.com\/en\/category\/seasoning05\/Hot-Sauce?page=1&offset=0&filters=%7B%22catalogue_num%22%3A%22seasoning05%22%7D&trigger_type=taxonomy_seasoning05&filter_sub_category=seasoning"
  },
  {
    "category":"sauce",
    "product_name":"Pantai Spring Roll Sweet Chili Sauce 32.5 oz 1 each",
    "price":7.27,
    "unit_price":"nan",
    "sales_count":null,
    "image_url":"https:\/\/img08.weeecdn.net\/item\/image\/014\/864\/1F80973C22119F08.png!c560x560_q80.auto",
    "source_url":"https:\/\/www.sayweee.com\/en\/category\/seasoning05\/Hot-Sauce?page=1&offset=0&filters=%7B%22catalogue_num%22%3A%22seasoning05%22%7D&trigger_type=taxonomy_seasoning05&filter_sub_category=seasoning"
  },
  {
    "category":"sauce",
    "product_name":"Shu secret Sichuan authentic preserved egg roast pepper sauce 218g*1 bottle 218 g",
    "price":16.85,
    "unit_price":"$0.07\/g",
    "sales_count":null,
    "image_url":"https:\/\/img08.weeecdn.net\/item\/image\/119\/904\/446B0EE2482953DB.webp!c560x560_q80.auto",
    "source_url":"https:\/\/www.sayweee.com\/en\/category\/seasoning05\/Hot-Sauce?page=1&offset=0&filters=%7B%22catalogue_num%22%3A%22seasoning05%22%7D&trigger_type=taxonomy_seasoning05&filter_sub_category=seasoning"
  },
  {
    "category":"sauce",
    "product_name":"5 bags  Autumn Xia Chongqing small noodles seasoning 150 g",
    "price":8.75,
    "unit_price":"$0.05\/g",
    "sales_count":null,
    "image_url":"https:\/\/img08.weeecdn.net\/item\/image\/947\/289\/3C6E110EAC6DCF57.jpeg!c560x560_q80.auto",
    "source_url":"https:\/\/www.sayweee.com\/en\/category\/seasoning05\/Hot-Sauce?page=1&offset=0&filters=%7B%22catalogue_num%22%3A%22seasoning05%22%7D&trigger_type=taxonomy_seasoning05&filter_sub_category=seasoning"
  },
  {
    "category":"sauce",
    "product_name":"NPG Sichuan Red Peppercorn Oil 7.1 Fl Oz 210 ml",
    "price":6.99,
    "unit_price":"$0.03\/ml",
    "sales_count":null,
    "image_url":"https:\/\/img08.weeecdn.net\/item\/image\/747\/263\/5C457F8951793B16.jpeg!c560x560_q80.auto",
    "source_url":"https:\/\/www.sayweee.com\/en\/category\/seasoning05\/Hot-Sauce?page=1&offset=0&filters=%7B%22catalogue_num%22%3A%22seasoning05%22%7D&trigger_type=taxonomy_seasoning05&filter_sub_category=seasoning"
  },
  {
    "category":"sauce",
    "product_name":"Good Luck Hot Sauce Mushroom & Fresh Pepper 80g 1 each",
    "price":5.19,
    "unit_price":"nan",
    "sales_count":null,
    "image_url":"https:\/\/img08.weeecdn.net\/item\/image\/164\/095\/1704A3ADF62A0F4E.png.jpeg!c560x560_q80.auto",
    "source_url":"https:\/\/www.sayweee.com\/en\/category\/seasoning05\/Hot-Sauce?page=1&offset=0&filters=%7B%22catalogue_num%22%3A%22seasoning05%22%7D&trigger_type=taxonomy_seasoning05&filter_sub_category=seasoning"
  },
  {
    "category":"sauce",
    "product_name":"Herdez Taco Sauce 7 oz",
    "price":1.79,
    "unit_price":"$0.25\/oz",
    "sales_count":null,
    "image_url":"https:\/\/img08.weeecdn.net\/product\/image\/347\/564\/7B26013939E21BA8.png!c560x560_q80.auto",
    "source_url":"https:\/\/www.sayweee.com\/en\/category\/seasoning05\/Hot-Sauce?page=1&offset=0&filters=%7B%22catalogue_num%22%3A%22seasoning05%22%7D&trigger_type=taxonomy_seasoning05&filter_sub_category=seasoning"
  },
  {
    "category":"sauce",
    "product_name":"Búfalo Classic Mexican Hot Sauce 5.7 oz",
    "price":1.49,
    "unit_price":"$0.26\/oz",
    "sales_count":null,
    "image_url":"https:\/\/img08.weeecdn.net\/item\/image\/660\/101\/5FD416930D87010A.jpg!c560x560_q80.auto",
    "source_url":"https:\/\/www.sayweee.com\/en\/category\/seasoning05\/Hot-Sauce?page=1&offset=0&filters=%7B%22catalogue_num%22%3A%22seasoning05%22%7D&trigger_type=taxonomy_seasoning05&filter_sub_category=seasoning"
  },
  {
    "category":"sauce",
    "product_name":"Salsa Huichol Hot Sauce 6.5 oz",
    "price":1.29,
    "unit_price":"$0.19\/oz",
    "sales_count":null,
    "image_url":"https:\/\/img08.weeecdn.net\/item\/image\/768\/997\/35FC1391E0C86D1.jpg!c560x560_q80.auto",
    "source_url":"https:\/\/www.sayweee.com\/en\/category\/seasoning05\/Hot-Sauce?page=1&offset=0&filters=%7B%22catalogue_num%22%3A%22seasoning05%22%7D&trigger_type=taxonomy_seasoning05&filter_sub_category=seasoning"
  },
  {
    "category":"sauce",
    "product_name":"Del Molcajete Habanero Original 9.17 oz",
    "price":3.99,
    "unit_price":"$0.43\/oz",
    "sales_count":null,
    "image_url":"https:\/\/img08.weeecdn.net\/product\/image\/602\/641\/11AE20BC19D8B0E6.jpeg!c560x560_q80.auto",
    "source_url":"https:\/\/www.sayweee.com\/en\/category\/seasoning05\/Hot-Sauce?page=1&offset=0&filters=%7B%22catalogue_num%22%3A%22seasoning05%22%7D&trigger_type=taxonomy_seasoning05&filter_sub_category=seasoning"
  },
  {
    "category":"sauce",
    "product_name":"Amor Chamoy Mild Sauce 33.8 oz",
    "price":1.49,
    "unit_price":"$0.04\/oz",
    "sales_count":null,
    "image_url":"https:\/\/img08.weeecdn.net\/product\/image\/235\/361\/4873B14B46EDEDC3.jpeg!c560x560_q80.auto",
    "source_url":"https:\/\/www.sayweee.com\/en\/category\/seasoning05\/Hot-Sauce?page=1&offset=0&filters=%7B%22catalogue_num%22%3A%22seasoning05%22%7D&trigger_type=taxonomy_seasoning05&filter_sub_category=seasoning"
  },
  {
    "category":"sauce",
    "product_name":"WOOMTREE Capsaicin Sauce 10.6 oz",
    "price":5.99,
    "unit_price":"$0.56\/oz",
    "sales_count":null,
    "image_url":"https:\/\/img08.weeecdn.net\/product\/image\/806\/409\/B4F186B59425A47.png!c560x560_q80.auto",
    "source_url":"https:\/\/www.sayweee.com\/en\/category\/seasoning05\/Hot-Sauce?page=1&offset=0&filters=%7B%22catalogue_num%22%3A%22seasoning05%22%7D&trigger_type=taxonomy_seasoning05&filter_sub_category=seasoning"
  },
  {
    "category":"sauce",
    "product_name":"A BITE OF PRIME Dice White Turnip Hot Pepper Sauce 300 g",
    "price":15.99,
    "unit_price":"$0.05\/g",
    "sales_count":null,
    "image_url":"https:\/\/img08.weeecdn.net\/item\/image\/003\/485\/58C32662B8BCD8C1.jpeg!c560x560_q80.auto",
    "source_url":"https:\/\/www.sayweee.com\/en\/category\/seasoning05\/Hot-Sauce?page=1&offset=0&filters=%7B%22catalogue_num%22%3A%22seasoning05%22%7D&trigger_type=taxonomy_seasoning05&filter_sub_category=seasoning"
  },
  {
    "category":"sauce",
    "product_name":"Dragonfly Super Hot Roasted Chili Oil 12 oz",
    "price":11.79,
    "unit_price":"$0.98\/oz",
    "sales_count":null,
    "image_url":"https:\/\/img08.weeecdn.net\/item\/image\/310\/007\/7B4832D4282881F6.jpeg!c560x560_q80.auto",
    "source_url":"https:\/\/www.sayweee.com\/en\/category\/seasoning05\/Hot-Sauce?page=1&offset=0&filters=%7B%22catalogue_num%22%3A%22seasoning05%22%7D&trigger_type=taxonomy_seasoning05&filter_sub_category=seasoning"
  },
  {
    "category":"sauce",
    "product_name":"Chunguang Yellow Lantern Chili Sauce (Spicy) 150 g",
    "price":8.27,
    "unit_price":"$0.05\/g",
    "sales_count":null,
    "image_url":"https:\/\/img08.weeecdn.net\/item\/image\/646\/747\/D4588D7AC48D22B.webp!c560x560_q80.auto",
    "source_url":"https:\/\/www.sayweee.com\/en\/category\/seasoning05\/Hot-Sauce?page=1&offset=0&filters=%7B%22catalogue_num%22%3A%22seasoning05%22%7D&trigger_type=taxonomy_seasoning05&filter_sub_category=seasoning"
  },
  {
    "category":"sauce",
    "product_name":"Chili sauce150g*1 150 g",
    "price":8.3,
    "unit_price":"$0.05\/g",
    "sales_count":null,
    "image_url":"https:\/\/img08.weeecdn.net\/item\/image\/140\/851\/4291C27D09227A7.webp!c560x560_q80.auto",
    "source_url":"https:\/\/www.sayweee.com\/en\/category\/seasoning05\/Hot-Sauce?page=1&offset=0&filters=%7B%22catalogue_num%22%3A%22seasoning05%22%7D&trigger_type=taxonomy_seasoning05&filter_sub_category=seasoning"
  },
  {
    "category":"sauce",
    "product_name":"190 grams of peanuts *1 bottle 190 g",
    "price":16.85,
    "unit_price":"$0.08\/g",
    "sales_count":null,
    "image_url":"https:\/\/img08.weeecdn.net\/item\/image\/471\/814\/353F7D4F2B3D1909.webp!c560x560_q80.auto",
    "source_url":"https:\/\/www.sayweee.com\/en\/category\/seasoning05\/Hot-Sauce?page=1&offset=0&filters=%7B%22catalogue_num%22%3A%22seasoning05%22%7D&trigger_type=taxonomy_seasoning05&filter_sub_category=seasoning"
  },
  {
    "category":"sauce",
    "product_name":"Guizhou Spicy Crispy Oil Chili 1 Bottle 240 g",
    "price":16.98,
    "unit_price":"$0.07\/g",
    "sales_count":null,
    "image_url":"https:\/\/img08.weeecdn.net\/item\/image\/510\/996\/70D3744C3EA95CB8.jpeg!c560x560_q80.auto",
    "source_url":"https:\/\/www.sayweee.com\/en\/category\/seasoning05\/Hot-Sauce?page=1&offset=0&filters=%7B%22catalogue_num%22%3A%22seasoning05%22%7D&trigger_type=taxonomy_seasoning05&filter_sub_category=seasoning"
  },
  {
    "category":"sauce",
    "product_name":"Peanut, melon seeds, five kernel chili sauce 150 g",
    "price":17.69,
    "unit_price":"$0.11\/g",
    "sales_count":null,
    "image_url":"https:\/\/img08.weeecdn.net\/item\/image\/828\/647\/7529898A9FC1BFFA.jpeg!c560x560_q80.auto",
    "source_url":"https:\/\/www.sayweee.com\/en\/category\/seasoning05\/Hot-Sauce?page=1&offset=0&filters=%7B%22catalogue_num%22%3A%22seasoning05%22%7D&trigger_type=taxonomy_seasoning05&filter_sub_category=seasoning"
  },
  {
    "category":"sauce",
    "product_name":"Miao Amei Spicy and Crispy Snack 125 g",
    "price":12.38,
    "unit_price":"$0.09\/g",
    "sales_count":null,
    "image_url":"https:\/\/img08.weeecdn.net\/item\/image\/950\/180\/6434CBC165C31594.webp!c560x560_q80.auto",
    "source_url":"https:\/\/www.sayweee.com\/en\/category\/seasoning05\/Hot-Sauce?page=1&offset=0&filters=%7B%22catalogue_num%22%3A%22seasoning05%22%7D&trigger_type=taxonomy_seasoning05&filter_sub_category=seasoning"
  },
  {
    "category":"sauce",
    "product_name":"A BITE OF PRIME Pickled Mustard Tuber Hot Pepper Sauce 300 g",
    "price":15.99,
    "unit_price":"$0.05\/g",
    "sales_count":null,
    "image_url":"https:\/\/img08.weeecdn.net\/item\/image\/642\/511\/275E83DD28A9835A.jpeg!c560x560_q80.auto",
    "source_url":"https:\/\/www.sayweee.com\/en\/category\/seasoning05\/Hot-Sauce?page=1&offset=0&filters=%7B%22catalogue_num%22%3A%22seasoning05%22%7D&trigger_type=taxonomy_seasoning05&filter_sub_category=seasoning"
  },
  {
    "category":"sauce",
    "product_name":"Chef Chens' Famous Chili Crisp 6 oz",
    "price":15.95,
    "unit_price":"$2.65\/oz",
    "sales_count":null,
    "image_url":"https:\/\/img08.weeecdn.net\/item\/image\/895\/688\/2EDF69809AE60B95.jpeg!c560x560_q80.auto",
    "source_url":"https:\/\/www.sayweee.com\/en\/category\/seasoning05\/Hot-Sauce?page=1&offset=0&filters=%7B%22catalogue_num%22%3A%22seasoning05%22%7D&trigger_type=taxonomy_seasoning05&filter_sub_category=seasoning"
  },
  {
    "category":"sauce",
    "product_name":"Taiwan Din Tai Fung Chili Oil 160 g",
    "price":20.25,
    "unit_price":"$0.12\/g",
    "sales_count":null,
    "image_url":"https:\/\/img08.weeecdn.net\/item\/image\/381\/414\/201AF7CF80FE16E.jpeg!c560x560_q80.auto",
    "source_url":"https:\/\/www.sayweee.com\/en\/category\/seasoning05\/Hot-Sauce?page=1&offset=0&filters=%7B%22catalogue_num%22%3A%22seasoning05%22%7D&trigger_type=taxonomy_seasoning05&filter_sub_category=seasoning"
  },
  {
    "category":"sauce",
    "product_name":"Taiwan Din Tai Fung Chili Sauce 170 ml",
    "price":23.85,
    "unit_price":"$0.14\/ml",
    "sales_count":null,
    "image_url":"https:\/\/img08.weeecdn.net\/item\/image\/055\/845\/3FF89EBB8457C0F3.jpeg!c560x560_q80.auto",
    "source_url":"https:\/\/www.sayweee.com\/en\/category\/seasoning05\/Hot-Sauce?page=1&offset=0&filters=%7B%22catalogue_num%22%3A%22seasoning05%22%7D&trigger_type=taxonomy_seasoning05&filter_sub_category=seasoning"
  },
  {
    "category":"sauce",
    "product_name":"FU CHUNG Garlic and Chill Sauce 180 g",
    "price":12.99,
    "unit_price":"$0.07\/g",
    "sales_count":null,
    "image_url":"https:\/\/img08.weeecdn.net\/item\/image\/416\/549\/178B8F9E9E01B5DF.jpeg!c560x560_q80.auto",
    "source_url":"https:\/\/www.sayweee.com\/en\/category\/seasoning05\/Hot-Sauce?page=1&offset=0&filters=%7B%22catalogue_num%22%3A%22seasoning05%22%7D&trigger_type=taxonomy_seasoning05&filter_sub_category=seasoning"
  },
  {
    "category":"sauce",
    "product_name":"Katayama Crushed Chili with Garlic in Olive Oil 8.1 oz",
    "price":7.99,
    "unit_price":"$0.98\/oz",
    "sales_count":null,
    "image_url":"https:\/\/img08.weeecdn.net\/item\/image\/597\/558\/1DE5B3FA50651503.jpeg!c560x560_q80.auto",
    "source_url":"https:\/\/www.sayweee.com\/en\/category\/seasoning05\/Hot-Sauce?page=1&offset=0&filters=%7B%22catalogue_num%22%3A%22seasoning05%22%7D&trigger_type=taxonomy_seasoning05&filter_sub_category=seasoning"
  },
  {
    "category":"sauce",
    "product_name":"S&B Crunchy Garlic Topping 110g\/ 1 bottle",
    "price":7.99,
    "unit_price":"nan",
    "sales_count":null,
    "image_url":"https:\/\/img08.weeecdn.net\/item\/image\/538\/334\/69A7F95D2685A8C7.jpeg!c560x560_q80.auto",
    "source_url":"https:\/\/www.sayweee.com\/en\/category\/seasoning05\/Hot-Sauce?page=1&offset=0&filters=%7B%22catalogue_num%22%3A%22seasoning05%22%7D&trigger_type=taxonomy_seasoning05&filter_sub_category=seasoning"
  },
  {
    "category":"sauce",
    "product_name":"Mae Ploy Sweet Chili Sauce 32 oz 1 each",
    "price":5.23,
    "unit_price":"nan",
    "sales_count":null,
    "image_url":"https:\/\/img08.weeecdn.net\/item\/image\/608\/134\/527E9A1582C96B1A.png!c560x560_q80.auto",
    "source_url":"https:\/\/www.sayweee.com\/en\/category\/seasoning05\/Hot-Sauce?page=1&offset=0&filters=%7B%22catalogue_num%22%3A%22seasoning05%22%7D&trigger_type=taxonomy_seasoning05&filter_sub_category=seasoning"
  },
  {
    "category":"sauce",
    "product_name":"Hot Bean Sauce 460 g",
    "price":7.85,
    "unit_price":"nan",
    "sales_count":null,
    "image_url":"https:\/\/img08.weeecdn.net\/item\/image\/864\/600\/E7BED4739B95220.png.jpeg!c560x560_q80.auto",
    "source_url":"https:\/\/www.sayweee.com\/en\/category\/seasoning05\/Hot-Sauce?page=1&offset=0&filters=%7B%22catalogue_num%22%3A%22seasoning05%22%7D&trigger_type=taxonomy_seasoning05&filter_sub_category=seasoning"
  },
  {
    "category":"sauce",
    "product_name":"Jiafeng Shaxian Chili sauce Fujian specialty 230 g",
    "price":11.51,
    "unit_price":"$0.05\/g",
    "sales_count":null,
    "image_url":"https:\/\/img08.weeecdn.net\/item\/image\/255\/073\/2C01003D00EDED5D.jpeg!c560x560_q80.auto",
    "source_url":"https:\/\/www.sayweee.com\/en\/category\/seasoning05\/Hot-Sauce?page=1&offset=0&filters=%7B%22catalogue_num%22%3A%22seasoning05%22%7D&trigger_type=taxonomy_seasoning05&filter_sub_category=seasoning"
  },
  {
    "category":"sauce",
    "product_name":"Sichuan Wazi charcoal roasted pepper sauce, Sichuan tiger skin green pepper sauce, chopped pepper sauce mixed noodles with rice, 230g*1 bottle 230 g",
    "price":23.59,
    "unit_price":"$0.10\/g",
    "sales_count":null,
    "image_url":"https:\/\/img08.weeecdn.net\/item\/image\/066\/811\/40C1A88654DE845B.webp!c560x560_q80.auto",
    "source_url":"https:\/\/www.sayweee.com\/en\/category\/seasoning05\/Hot-Sauce?page=1&offset=0&filters=%7B%22catalogue_num%22%3A%22seasoning05%22%7D&trigger_type=taxonomy_seasoning05&filter_sub_category=seasoning"
  },
  {
    "category":"sauce",
    "product_name":"Spicy Pickled Chili 450g*1 jar Guizhou Chopped Chi 450 g",
    "price":25.85,
    "unit_price":"$0.05\/g",
    "sales_count":null,
    "image_url":"https:\/\/img08.weeecdn.net\/item\/image\/938\/843\/1E934D81B9A41075.jpeg!c560x560_q80.auto",
    "source_url":"https:\/\/www.sayweee.com\/en\/category\/seasoning05\/Hot-Sauce?page=1&offset=0&filters=%7B%22catalogue_num%22%3A%22seasoning05%22%7D&trigger_type=taxonomy_seasoning05&filter_sub_category=seasoning"
  },
  {
    "category":"sauce",
    "product_name":"Guizhou Ciba Chili 200g * 1 Bag Local Huaxi Pepper Oil Chili Oil Stir fried Spicy Chicken Hotpot Base 200 g",
    "price":13.71,
    "unit_price":"$0.06\/g",
    "sales_count":null,
    "image_url":"https:\/\/img08.weeecdn.net\/item\/image\/579\/747\/1A3F3759FE98F45D.webp!c560x560_q80.auto",
    "source_url":"https:\/\/www.sayweee.com\/en\/category\/seasoning05\/Hot-Sauce?page=1&offset=0&filters=%7B%22catalogue_num%22%3A%22seasoning05%22%7D&trigger_type=taxonomy_seasoning05&filter_sub_category=seasoning"
  },
  {
    "category":"sauce",
    "product_name":"SHIH ER YUE Chili Sauce (Medium spicy) 165 g",
    "price":15.99,
    "unit_price":"$0.09\/g",
    "sales_count":null,
    "image_url":"https:\/\/img08.weeecdn.net\/item\/image\/177\/933\/3110A841EF45269C.jpeg!c560x560_q80.auto",
    "source_url":"https:\/\/www.sayweee.com\/en\/category\/seasoning05\/Hot-Sauce?page=1&offset=0&filters=%7B%22catalogue_num%22%3A%22seasoning05%22%7D&trigger_type=taxonomy_seasoning05&filter_sub_category=seasoning"
  },
  {
    "category":"sauce",
    "product_name":"Fried Chili Pepper with Black Bean (Chili Fagara Flavor) 145 g",
    "price":12.5,
    "unit_price":"$0.08\/g",
    "sales_count":null,
    "image_url":"https:\/\/img08.weeecdn.net\/item\/image\/335\/333\/481EB6B595C8B865.png!c560x560_q80.auto",
    "source_url":"https:\/\/www.sayweee.com\/en\/category\/seasoning05\/Hot-Sauce?page=1&offset=0&filters=%7B%22catalogue_num%22%3A%22seasoning05%22%7D&trigger_type=taxonomy_seasoning05&filter_sub_category=seasoning"
  },
  {
    "category":"sauce",
    "product_name":"Welcome Fragrant Charcoal Burned Chili Sauce 210g * 1 Bottle Sichuan Mixed Rice Tiger Skin Green Pepper Sauce Chopped Pepper Mixed with Noodles 210 g",
    "price":18.85,
    "unit_price":"$0.08\/g",
    "sales_count":null,
    "image_url":"https:\/\/img08.weeecdn.net\/item\/image\/980\/165\/29BE3F514968DD3B.jpeg!c560x560_q80.auto",
    "source_url":"https:\/\/www.sayweee.com\/en\/category\/seasoning05\/Hot-Sauce?page=1&offset=0&filters=%7B%22catalogue_num%22%3A%22seasoning05%22%7D&trigger_type=taxonomy_seasoning05&filter_sub_category=seasoning"
  },
  {
    "category":"sauce",
    "product_name":"Spicy cabbage pickling sauce bagged 400g * 1 bag 400 g",
    "price":20.93,
    "unit_price":"$0.05\/g",
    "sales_count":null,
    "image_url":"https:\/\/img08.weeecdn.net\/item\/image\/316\/770\/614C4B4EF0B9A4C.png!c560x560_q80.auto",
    "source_url":"https:\/\/www.sayweee.com\/en\/category\/seasoning05\/Hot-Sauce?page=1&offset=0&filters=%7B%22catalogue_num%22%3A%22seasoning05%22%7D&trigger_type=taxonomy_seasoning05&filter_sub_category=seasoning"
  },
  {
    "category":"sauce",
    "product_name":"Momoya CrispyGarlic MildChiliOil 3 Pack BB4\/27\/26 3 count",
    "price":9.19,
    "unit_price":"$3.06\/count",
    "sales_count":null,
    "image_url":"https:\/\/img08.weeecdn.net\/item\/image\/517\/115\/C60E6CC512141E2.png!c560x560_q80.auto",
    "source_url":"https:\/\/www.sayweee.com\/en\/category\/seasoning05\/Hot-Sauce?page=1&offset=0&filters=%7B%22catalogue_num%22%3A%22seasoning05%22%7D&trigger_type=taxonomy_seasoning05&filter_sub_category=seasoning"
  },
  {
    "category":"sauce",
    "product_name":"Dragonfly Super Hot Roasted Chili Oil 1 each",
    "price":11.99,
    "unit_price":"nan",
    "sales_count":null,
    "image_url":"https:\/\/img08.weeecdn.net\/item\/image\/491\/953\/2C83990DBB669436.png!c560x560_q80.auto",
    "source_url":"https:\/\/www.sayweee.com\/en\/category\/seasoning05\/Hot-Sauce?page=1&offset=0&filters=%7B%22catalogue_num%22%3A%22seasoning05%22%7D&trigger_type=taxonomy_seasoning05&filter_sub_category=seasoning"
  },
  {
    "category":"sauce",
    "product_name":"Indonesian Green Pepper Chili Sauce 180 g",
    "price":13.49,
    "unit_price":"$0.07\/g",
    "sales_count":null,
    "image_url":"https:\/\/img08.weeecdn.net\/item\/image\/596\/435\/5D48548928D7C032.jpeg!c560x560_q80.auto",
    "source_url":"https:\/\/www.sayweee.com\/en\/category\/seasoning05\/Hot-Sauce?page=1&offset=0&filters=%7B%22catalogue_num%22%3A%22seasoning05%22%7D&trigger_type=taxonomy_seasoning05&filter_sub_category=seasoning"
  },
  {
    "category":"sauce",
    "product_name":"Malaysian Hot Sauce with Shrimp Paste, Large 12 oz",
    "price":25.0,
    "unit_price":"$2.08\/oz",
    "sales_count":null,
    "image_url":"https:\/\/img08.weeecdn.net\/item\/image\/197\/749\/FE5B80497DB9117.png!c560x560_q80.auto",
    "source_url":"https:\/\/www.sayweee.com\/en\/category\/seasoning05\/Hot-Sauce?page=1&offset=0&filters=%7B%22catalogue_num%22%3A%22seasoning05%22%7D&trigger_type=taxonomy_seasoning05&filter_sub_category=seasoning"
  },
  {
    "category":"sauce",
    "product_name":"Pickled pepper millet pepper 300g*1 canned 300 g",
    "price":19.79,
    "unit_price":"$0.06\/g",
    "sales_count":null,
    "image_url":"https:\/\/img08.weeecdn.net\/item\/image\/613\/724\/12016254292B1188.jpeg!c560x560_q80.auto",
    "source_url":"https:\/\/www.sayweee.com\/en\/category\/seasoning05\/Hot-Sauce?page=1&offset=0&filters=%7B%22catalogue_num%22%3A%22seasoning05%22%7D&trigger_type=taxonomy_seasoning05&filter_sub_category=seasoning"
  },
  {
    "category":"sauce",
    "product_name":"Braised Century egg with Chili Sauce and Stir Frie 230 g",
    "price":20.89,
    "unit_price":"$0.09\/g",
    "sales_count":null,
    "image_url":"https:\/\/img08.weeecdn.net\/item\/image\/577\/884\/4FEE32AE1685280.jpeg!c560x560_q80.auto",
    "source_url":"https:\/\/www.sayweee.com\/en\/category\/seasoning05\/Hot-Sauce?page=1&offset=0&filters=%7B%22catalogue_num%22%3A%22seasoning05%22%7D&trigger_type=taxonomy_seasoning05&filter_sub_category=seasoning"
  },
  {
    "category":"sauce",
    "product_name":"Sichuan Wazi double pepper sauce 230 g",
    "price":16.8,
    "unit_price":"$0.07\/g",
    "sales_count":null,
    "image_url":"https:\/\/img08.weeecdn.net\/item\/image\/706\/937\/7D5D2231970C9CC1.webp!c560x560_q80.auto",
    "source_url":"https:\/\/www.sayweee.com\/en\/category\/seasoning05\/Hot-Sauce?page=1&offset=0&filters=%7B%22catalogue_num%22%3A%22seasoning05%22%7D&trigger_type=taxonomy_seasoning05&filter_sub_category=seasoning"
  },
  {
    "category":"sauce",
    "product_name":"spicy chilli crisp 210 g",
    "price":3.59,
    "unit_price":"nan",
    "sales_count":null,
    "image_url":"https:\/\/img08.weeecdn.net\/item\/image\/190\/876\/3DDDF7CEBC97510B.jpeg!c560x560_q80.auto",
    "source_url":"https:\/\/www.sayweee.com\/en\/category\/seasoning05\/Hot-Sauce?page=1&offset=0&filters=%7B%22catalogue_num%22%3A%22seasoning05%22%7D&trigger_type=taxonomy_seasoning05&filter_sub_category=seasoning"
  },
  {
    "category":"sauce",
    "product_name":"A BITE OF PRIME Pickled Mustard Greens Shrimp Hot 300 g",
    "price":19.99,
    "unit_price":"$0.06\/g",
    "sales_count":null,
    "image_url":"https:\/\/img08.weeecdn.net\/item\/image\/269\/527\/6A116B3A4D6F51D.jpeg!c560x560_q80.auto",
    "source_url":"https:\/\/www.sayweee.com\/en\/category\/seasoning05\/Hot-Sauce?page=1&offset=0&filters=%7B%22catalogue_num%22%3A%22seasoning05%22%7D&trigger_type=taxonomy_seasoning05&filter_sub_category=seasoning"
  },
  {
    "category":"sauce",
    "product_name":"Chongqing home-cooked stir-fried sauce 850g 850 g",
    "price":20.21,
    "unit_price":"nan",
    "sales_count":null,
    "image_url":"https:\/\/img08.weeecdn.net\/item\/image\/639\/286\/766BFD74F0604938.webp!c560x560_q80.auto",
    "source_url":"https:\/\/www.sayweee.com\/en\/category\/seasoning05\/Hot-Sauce?page=1&offset=0&filters=%7B%22catalogue_num%22%3A%22seasoning05%22%7D&trigger_type=taxonomy_seasoning05&filter_sub_category=seasoning"
  },
  {
    "category":"sauce",
    "product_name":"Guizhou spicy chicken canned packaging 100 g",
    "price":18.41,
    "unit_price":"$0.18\/g",
    "sales_count":null,
    "image_url":"https:\/\/img08.weeecdn.net\/item\/image\/096\/115\/4165C13AC8EBAFC5.jpeg!c560x560_q80.auto",
    "source_url":"https:\/\/www.sayweee.com\/en\/category\/seasoning05\/Hot-Sauce?page=1&offset=0&filters=%7B%22catalogue_num%22%3A%22seasoning05%22%7D&trigger_type=taxonomy_seasoning05&filter_sub_category=seasoning"
  },
  {
    "category":"sauce",
    "product_name":"Beef ground, soy sauce, chili, 210g * 1 bottle 210 g",
    "price":11.27,
    "unit_price":"$0.05\/g",
    "sales_count":null,
    "image_url":"https:\/\/img08.weeecdn.net\/item\/image\/984\/381\/7459BD67FCA09EE0.jpeg!c560x560_q80.auto",
    "source_url":"https:\/\/www.sayweee.com\/en\/category\/seasoning05\/Hot-Sauce?page=1&offset=0&filters=%7B%22catalogue_num%22%3A%22seasoning05%22%7D&trigger_type=taxonomy_seasoning05&filter_sub_category=seasoning"
  },
  {
    "category":"sauce",
    "product_name":"Good Luck Hot Sauce Mushroom & Soybean 80g 1 each",
    "price":5.19,
    "unit_price":"nan",
    "sales_count":null,
    "image_url":"https:\/\/img08.weeecdn.net\/item\/image\/721\/305\/542D86EC57781348.png.jpeg!c560x560_q80.auto",
    "source_url":"https:\/\/www.sayweee.com\/en\/category\/seasoning05\/Hot-Sauce?page=1&offset=0&filters=%7B%22catalogue_num%22%3A%22seasoning05%22%7D&trigger_type=taxonomy_seasoning05&filter_sub_category=seasoning"
  },
  {
    "category":"sauce",
    "product_name":"Garlic Strong Side-Dish Chili Oil  95g 1 bottle",
    "price":7.22,
    "unit_price":"nan",
    "sales_count":null,
    "image_url":"https:\/\/img08.weeecdn.net\/item\/image\/818\/500\/48E0C3193F690452.png.jpeg!c560x560_q80.auto",
    "source_url":"https:\/\/www.sayweee.com\/en\/category\/seasoning05\/Hot-Sauce?page=1&offset=0&filters=%7B%22catalogue_num%22%3A%22seasoning05%22%7D&trigger_type=taxonomy_seasoning05&filter_sub_category=seasoning"
  },
  {
    "category":"sauce",
    "product_name":"Guangxi specialty sauce flavor colorful pickled pe 300 g",
    "price":23.0,
    "unit_price":"$0.07\/g",
    "sales_count":null,
    "image_url":"https:\/\/img08.weeecdn.net\/item\/image\/680\/039\/7FD533241C884F2D.jpeg!c560x560_q80.auto",
    "source_url":"https:\/\/www.sayweee.com\/en\/category\/seasoning05\/Hot-Sauce?page=1&offset=0&filters=%7B%22catalogue_num%22%3A%22seasoning05%22%7D&trigger_type=taxonomy_seasoning05&filter_sub_category=seasoning"
  },
  {
    "category":"sauce",
    "product_name":"Sichuan baby mixed with vegetable red oil 200 g",
    "price":11.27,
    "unit_price":"$0.05\/g",
    "sales_count":null,
    "image_url":"https:\/\/img08.weeecdn.net\/item\/image\/833\/412\/4985755347EFCBE3.webp!c560x560_q80.auto",
    "source_url":"https:\/\/www.sayweee.com\/en\/category\/seasoning05\/Hot-Sauce?page=1&offset=0&filters=%7B%22catalogue_num%22%3A%22seasoning05%22%7D&trigger_type=taxonomy_seasoning05&filter_sub_category=seasoning"
  },
  {
    "category":"sauce",
    "product_name":"Wang Mabo Tofu Sauce Extra Hot 130g 1 each",
    "price":4.3,
    "unit_price":"nan",
    "sales_count":null,
    "image_url":"https:\/\/img08.weeecdn.net\/item\/image\/304\/599\/3296EAC8C36D0380.png.jpeg!c560x560_q80.auto",
    "source_url":"https:\/\/www.sayweee.com\/en\/category\/seasoning05\/Hot-Sauce?page=1&offset=0&filters=%7B%22catalogue_num%22%3A%22seasoning05%22%7D&trigger_type=taxonomy_seasoning05&filter_sub_category=seasoning"
  },
  {
    "category":"sauce",
    "product_name":"Ground Chilli Garlic in Oil Tuong Ot Sa Te An Pho 205 g",
    "price":5.21,
    "unit_price":"nan",
    "sales_count":null,
    "image_url":"https:\/\/img08.weeecdn.net\/item\/image\/642\/957\/1833EC088236F9C6.png.jpeg!c560x560_q80.auto",
    "source_url":"https:\/\/www.sayweee.com\/en\/category\/seasoning05\/Hot-Sauce?page=1&offset=0&filters=%7B%22catalogue_num%22%3A%22seasoning05%22%7D&trigger_type=taxonomy_seasoning05&filter_sub_category=seasoning"
  },
  {
    "category":"sauce",
    "product_name":"Xiangji No.1 Fresh Chili Sauce, Pepper Sauce Dish 248 g",
    "price":14.49,
    "unit_price":"$0.05\/g",
    "sales_count":null,
    "image_url":"https:\/\/img08.weeecdn.net\/item\/image\/761\/799\/13BF8212083225E6.jpeg!c560x560_q80.auto",
    "source_url":"https:\/\/www.sayweee.com\/en\/category\/seasoning05\/Hot-Sauce?page=1&offset=0&filters=%7B%22catalogue_num%22%3A%22seasoning05%22%7D&trigger_type=taxonomy_seasoning05&filter_sub_category=seasoning"
  },
  {
    "category":"sauce",
    "product_name":"Xiangji No.1 Spicy Beef Chili Sauce Dipping Sauce 238 g",
    "price":16.99,
    "unit_price":"$0.07\/g",
    "sales_count":null,
    "image_url":"https:\/\/img08.weeecdn.net\/item\/image\/481\/049\/73310FD3EDE52DD.jpeg!c560x560_q80.auto",
    "source_url":"https:\/\/www.sayweee.com\/en\/category\/seasoning05\/Hot-Sauce?page=1&offset=0&filters=%7B%22catalogue_num%22%3A%22seasoning05%22%7D&trigger_type=taxonomy_seasoning05&filter_sub_category=seasoning"
  },
  {
    "category":"sauce",
    "product_name":"Nanshanpo spicy chicken oil chili Guizhou spicy 230 g",
    "price":22.94,
    "unit_price":"$0.09\/g",
    "sales_count":null,
    "image_url":"https:\/\/img08.weeecdn.net\/item\/image\/396\/287\/509D4A31848880.png.jpeg!c560x560_q80.auto",
    "source_url":"https:\/\/www.sayweee.com\/en\/category\/seasoning05\/Hot-Sauce?page=1&offset=0&filters=%7B%22catalogue_num%22%3A%22seasoning05%22%7D&trigger_type=taxonomy_seasoning05&filter_sub_category=seasoning"
  },
  {
    "category":"sauce",
    "product_name":"Green pepper sauce15g*10 150 g",
    "price":8.9,
    "unit_price":"$0.05\/g",
    "sales_count":null,
    "image_url":"https:\/\/img08.weeecdn.net\/item\/image\/957\/436\/2188EBE1F9095AED.webp!c560x560_q80.auto",
    "source_url":"https:\/\/www.sayweee.com\/en\/category\/seasoning05\/Hot-Sauce?page=1&offset=0&filters=%7B%22catalogue_num%22%3A%22seasoning05%22%7D&trigger_type=taxonomy_seasoning05&filter_sub_category=seasoning"
  },
  {
    "category":"sauce",
    "product_name":"Katayama - Crushed Chili 10 oz",
    "price":8.99,
    "unit_price":"$0.89\/oz",
    "sales_count":null,
    "image_url":"https:\/\/img08.weeecdn.net\/item\/image\/598\/561\/7F6E9F49AA78FBBC.jpeg!c560x560_q80.auto",
    "source_url":"https:\/\/www.sayweee.com\/en\/category\/seasoning05\/Hot-Sauce?page=1&offset=0&filters=%7B%22catalogue_num%22%3A%22seasoning05%22%7D&trigger_type=taxonomy_seasoning05&filter_sub_category=seasoning"
  },
  {
    "category":"sauce",
    "product_name":"GOCHUJANG Hot Pepper Paste (Mild) 17.64 oz",
    "price":6.64,
    "unit_price":"$0.37\/oz",
    "sales_count":null,
    "image_url":"https:\/\/img08.weeecdn.net\/item\/image\/412\/511\/CFC3F0AD8FFA4BE.jpeg!c560x560_q80.auto",
    "source_url":"https:\/\/www.sayweee.com\/en\/category\/seasoning05\/Hot-Sauce?page=1&offset=0&filters=%7B%22catalogue_num%22%3A%22seasoning05%22%7D&trigger_type=taxonomy_seasoning05&filter_sub_category=seasoning"
  },
  {
    "category":"sauce",
    "product_name":"SHENG ZU Kinmen Hot Sauce 220 g",
    "price":12.99,
    "unit_price":"$0.05\/g",
    "sales_count":null,
    "image_url":"https:\/\/img08.weeecdn.net\/item\/image\/914\/899\/5BBAF09EBF1B7FF1.jpeg!c560x560_q80.auto",
    "source_url":"https:\/\/www.sayweee.com\/en\/category\/seasoning05\/Hot-Sauce?page=1&offset=0&filters=%7B%22catalogue_num%22%3A%22seasoning05%22%7D&trigger_type=taxonomy_seasoning05&filter_sub_category=seasoning"
  },
  {
    "category":"sauce",
    "product_name":"DONG CYUAN Chili Sauce 420 ml",
    "price":5.99,
    "unit_price":"nan",
    "sales_count":null,
    "image_url":"https:\/\/img08.weeecdn.net\/item\/image\/551\/167\/703289532EB893D8.jpeg!c560x560_q80.auto",
    "source_url":"https:\/\/www.sayweee.com\/en\/category\/seasoning05\/Hot-Sauce?page=1&offset=0&filters=%7B%22catalogue_num%22%3A%22seasoning05%22%7D&trigger_type=taxonomy_seasoning05&filter_sub_category=seasoning"
  },
  {
    "category":"sauce",
    "product_name":"China Live Signature Chili Bean Sauce 8 oz",
    "price":14.95,
    "unit_price":"$1.86\/oz",
    "sales_count":null,
    "image_url":"https:\/\/img08.weeecdn.net\/item\/image\/046\/038\/3D488C01CF77DAF6.jpeg!c560x560_q80.auto",
    "source_url":"https:\/\/www.sayweee.com\/en\/category\/seasoning05\/Hot-Sauce?page=1&offset=0&filters=%7B%22catalogue_num%22%3A%22seasoning05%22%7D&trigger_type=taxonomy_seasoning05&filter_sub_category=seasoning"
  },
  {
    "category":"sauce",
    "product_name":"China Live Sichuan Golden Red Chili Oil 4 oz",
    "price":11.95,
    "unit_price":"$2.98\/oz",
    "sales_count":null,
    "image_url":"https:\/\/img08.weeecdn.net\/item\/image\/725\/480\/5B3D4A6104CD6EA6.jpeg!c560x560_q80.auto",
    "source_url":"https:\/\/www.sayweee.com\/en\/category\/seasoning05\/Hot-Sauce?page=1&offset=0&filters=%7B%22catalogue_num%22%3A%22seasoning05%22%7D&trigger_type=taxonomy_seasoning05&filter_sub_category=seasoning"
  },
  {
    "category":"sauce",
    "product_name":"China Live House XO Sauce with Cognac 6 oz",
    "price":34.95,
    "unit_price":"$5.82\/oz",
    "sales_count":null,
    "image_url":"https:\/\/img08.weeecdn.net\/item\/image\/332\/796\/4997D388BDE37E81.jpeg!c560x560_q80.auto",
    "source_url":"https:\/\/www.sayweee.com\/en\/category\/seasoning05\/Hot-Sauce?page=1&offset=0&filters=%7B%22catalogue_num%22%3A%22seasoning05%22%7D&trigger_type=taxonomy_seasoning05&filter_sub_category=seasoning"
  },
  {
    "category":"sauce",
    "product_name":"Saté Asian Chili Sauce 9 oz",
    "price":12.99,
    "unit_price":"$1.44\/oz",
    "sales_count":null,
    "image_url":"https:\/\/img08.weeecdn.net\/item\/image\/567\/804\/3340A3E25ED7A84A.jpeg!c560x560_q80.auto",
    "source_url":"https:\/\/www.sayweee.com\/en\/category\/seasoning05\/Hot-Sauce?page=1&offset=0&filters=%7B%22catalogue_num%22%3A%22seasoning05%22%7D&trigger_type=taxonomy_seasoning05&filter_sub_category=seasoning"
  },
  {
    "category":"sauce",
    "product_name":"MINGTEH Veteran Village Flavor Grandpa's Chili Oil 250 g",
    "price":19.99,
    "unit_price":"$0.07\/g",
    "sales_count":null,
    "image_url":"https:\/\/img08.weeecdn.net\/item\/image\/886\/942\/11B6DBBBA94769B6.jpeg!c560x560_q80.auto",
    "source_url":"https:\/\/www.sayweee.com\/en\/category\/seasoning05\/Hot-Sauce?page=1&offset=0&filters=%7B%22catalogue_num%22%3A%22seasoning05%22%7D&trigger_type=taxonomy_seasoning05&filter_sub_category=seasoning"
  },
  {
    "category":"sauce",
    "product_name":"MINGTEH Chopped Red Chili with Garlic 150 g",
    "price":15.99,
    "unit_price":"$0.10\/g",
    "sales_count":null,
    "image_url":"https:\/\/img08.weeecdn.net\/item\/image\/609\/779\/67DB7D4799869FEF.jpeg!c560x560_q80.auto",
    "source_url":"https:\/\/www.sayweee.com\/en\/category\/seasoning05\/Hot-Sauce?page=1&offset=0&filters=%7B%22catalogue_num%22%3A%22seasoning05%22%7D&trigger_type=taxonomy_seasoning05&filter_sub_category=seasoning"
  },
  {
    "category":"sauce",
    "product_name":"MINGTEH Fried Chili Pepper with Garlic 145 g",
    "price":15.99,
    "unit_price":"$0.11\/g",
    "sales_count":null,
    "image_url":"https:\/\/img08.weeecdn.net\/item\/image\/516\/101\/593F6F41291B5F2D.jpeg!c560x560_q80.auto",
    "source_url":"https:\/\/www.sayweee.com\/en\/category\/seasoning05\/Hot-Sauce?page=1&offset=0&filters=%7B%22catalogue_num%22%3A%22seasoning05%22%7D&trigger_type=taxonomy_seasoning05&filter_sub_category=seasoning"
  },
  {
    "category":"sauce",
    "product_name":"MINGTEH Broad Bean Paste with Chili (Medium spicy) 460 g",
    "price":19.99,
    "unit_price":"$0.04\/g",
    "sales_count":null,
    "image_url":"https:\/\/img08.weeecdn.net\/item\/image\/482\/070\/A67952414750AC6.jpeg!c560x560_q80.auto",
    "source_url":"https:\/\/www.sayweee.com\/en\/category\/seasoning05\/Hot-Sauce?page=1&offset=0&filters=%7B%22catalogue_num%22%3A%22seasoning05%22%7D&trigger_type=taxonomy_seasoning05&filter_sub_category=seasoning"
  },
  {
    "category":"sauce",
    "product_name":"MINGTEH Soybean Paste 165 g",
    "price":15.99,
    "unit_price":"$0.09\/g",
    "sales_count":null,
    "image_url":"https:\/\/img08.weeecdn.net\/item\/image\/773\/398\/2D7FF7DA368614B9.jpeg!c560x560_q80.auto",
    "source_url":"https:\/\/www.sayweee.com\/en\/category\/seasoning05\/Hot-Sauce?page=1&offset=0&filters=%7B%22catalogue_num%22%3A%22seasoning05%22%7D&trigger_type=taxonomy_seasoning05&filter_sub_category=seasoning"
  },
  {
    "category":"sauce",
    "product_name":"MINGTEH Peeled Green Pepper (Medium spicy) 460 g",
    "price":19.99,
    "unit_price":"$0.04\/g",
    "sales_count":null,
    "image_url":"https:\/\/img08.weeecdn.net\/item\/image\/958\/716\/121B7C1A5A81EA4A.jpeg!c560x560_q80.auto",
    "source_url":"https:\/\/www.sayweee.com\/en\/category\/seasoning05\/Hot-Sauce?page=1&offset=0&filters=%7B%22catalogue_num%22%3A%22seasoning05%22%7D&trigger_type=taxonomy_seasoning05&filter_sub_category=seasoning"
  },
  {
    "category":"sauce",
    "product_name":"Taiwan Wen's World's Hottest Chili Oil 250 g",
    "price":23.85,
    "unit_price":"$0.09\/g",
    "sales_count":null,
    "image_url":"https:\/\/img08.weeecdn.net\/item\/image\/185\/210\/26206DB017ADB5F4.jpeg!c560x560_q80.auto",
    "source_url":"https:\/\/www.sayweee.com\/en\/category\/seasoning05\/Hot-Sauce?page=1&offset=0&filters=%7B%22catalogue_num%22%3A%22seasoning05%22%7D&trigger_type=taxonomy_seasoning05&filter_sub_category=seasoning"
  },
  {
    "category":"sauce",
    "product_name":"Taiwan Wen's World's Hottest Chili Sauce in Glass 195 g",
    "price":23.85,
    "unit_price":"$0.12\/g",
    "sales_count":null,
    "image_url":"https:\/\/img08.weeecdn.net\/item\/image\/790\/265\/4C91FA98494C527.jpeg!c560x560_q80.auto",
    "source_url":"https:\/\/www.sayweee.com\/en\/category\/seasoning05\/Hot-Sauce?page=1&offset=0&filters=%7B%22catalogue_num%22%3A%22seasoning05%22%7D&trigger_type=taxonomy_seasoning05&filter_sub_category=seasoning"
  },
  {
    "category":"sauce",
    "product_name":"Taiwan Wen's World's Hottest Chili Sauce in Tube 150 g",
    "price":21.15,
    "unit_price":"$0.14\/g",
    "sales_count":null,
    "image_url":"https:\/\/img08.weeecdn.net\/item\/image\/558\/148\/292DDAF00B1F3A18.jpeg!c560x560_q80.auto",
    "source_url":"https:\/\/www.sayweee.com\/en\/category\/seasoning05\/Hot-Sauce?page=1&offset=0&filters=%7B%22catalogue_num%22%3A%22seasoning05%22%7D&trigger_type=taxonomy_seasoning05&filter_sub_category=seasoning"
  },
  {
    "category":"sauce",
    "product_name":"ISHIGAKI GOURMET CHILI OIL (RA-YU) 100 g",
    "price":22.2,
    "unit_price":"$0.22\/g",
    "sales_count":null,
    "image_url":"https:\/\/img08.weeecdn.net\/item\/image\/525\/825\/4885639E0F1FF3BD.jpeg!c560x560_q80.auto",
    "source_url":"https:\/\/www.sayweee.com\/en\/category\/seasoning05\/Hot-Sauce?page=1&offset=0&filters=%7B%22catalogue_num%22%3A%22seasoning05%22%7D&trigger_type=taxonomy_seasoning05&filter_sub_category=seasoning"
  },
  {
    "category":"sauce",
    "product_name":"KANZURI (FERMENTED CHILI PASTE) 40 g",
    "price":13.2,
    "unit_price":"$0.33\/g",
    "sales_count":null,
    "image_url":"https:\/\/img08.weeecdn.net\/item\/image\/624\/192\/115646BBCF49505C.jpeg!c560x560_q80.auto",
    "source_url":"https:\/\/www.sayweee.com\/en\/category\/seasoning05\/Hot-Sauce?page=1&offset=0&filters=%7B%22catalogue_num%22%3A%22seasoning05%22%7D&trigger_type=taxonomy_seasoning05&filter_sub_category=seasoning"
  },
  {
    "category":"sauce",
    "product_name":"ISHIGAKI GOURMET CHILI OIL (EXTRA SPICY) 100 g",
    "price":22.2,
    "unit_price":"$0.22\/g",
    "sales_count":null,
    "image_url":"https:\/\/img08.weeecdn.net\/item\/image\/525\/825\/394E88008E9B5409.jpeg!c560x560_q80.auto",
    "source_url":"https:\/\/www.sayweee.com\/en\/category\/seasoning05\/Hot-Sauce?page=1&offset=0&filters=%7B%22catalogue_num%22%3A%22seasoning05%22%7D&trigger_type=taxonomy_seasoning05&filter_sub_category=seasoning"
  },
  {
    "category":"sauce",
    "product_name":"Taiwan Dong Quan Chili Sauce 420 g",
    "price":26.55,
    "unit_price":"$0.06\/g",
    "sales_count":null,
    "image_url":"https:\/\/img08.weeecdn.net\/item\/image\/298\/331\/381CA5271B7C1CE5.jpeg!c560x560_q80.auto",
    "source_url":"https:\/\/www.sayweee.com\/en\/category\/seasoning05\/Hot-Sauce?page=1&offset=0&filters=%7B%22catalogue_num%22%3A%22seasoning05%22%7D&trigger_type=taxonomy_seasoning05&filter_sub_category=seasoning"
  },
  {
    "category":"sauce",
    "product_name":"Taiwan AGV Sweet & Chili Sauce 165 g",
    "price":14.85,
    "unit_price":"$0.09\/g",
    "sales_count":null,
    "image_url":"https:\/\/img08.weeecdn.net\/item\/image\/839\/915\/3FC53A5420ABB83C.jpeg!c560x560_q80.auto",
    "source_url":"https:\/\/www.sayweee.com\/en\/category\/seasoning05\/Hot-Sauce?page=1&offset=0&filters=%7B%22catalogue_num%22%3A%22seasoning05%22%7D&trigger_type=taxonomy_seasoning05&filter_sub_category=seasoning"
  },
  {
    "category":"sauce",
    "product_name":"Taiwan WanJing Chili Sauce 520 g",
    "price":26.55,
    "unit_price":"$0.05\/g",
    "sales_count":null,
    "image_url":"https:\/\/img08.weeecdn.net\/item\/image\/531\/601\/65BA50D9EC65B389.webp!c560x560_q80.auto",
    "source_url":"https:\/\/www.sayweee.com\/en\/category\/seasoning05\/Hot-Sauce?page=1&offset=0&filters=%7B%22catalogue_num%22%3A%22seasoning05%22%7D&trigger_type=taxonomy_seasoning05&filter_sub_category=seasoning"
  },
  {
    "category":"sauce",
    "product_name":"Chung Jung One O'Food Gochujang 500 g",
    "price":8.99,
    "unit_price":"$0.50\/oz",
    "sales_count":200.0,
    "image_url":"https:\/\/img08.weeecdn.net\/product\/image\/527\/353\/71F62E472D5CF4F3.png!c560x560_q80.auto",
    "source_url":"https:\/\/www.sayweee.com\/en\/category\/seasoning05\/Hot-Sauce?page=1&offset=0&filters=%7B%22catalogue_num%22%3A%22seasoning05%22%7D&trigger_type=taxonomy_seasoning05&filter_sub_category=seasoning"
  },
  {
    "category":"sauce",
    "product_name":"SWEET CHILI SAUCE 32 oz 32 oz",
    "price":4.49,
    "unit_price":"$0.14\/oz",
    "sales_count":300.0,
    "image_url":"https:\/\/img08.weeecdn.net\/item\/image\/672\/452\/788284CB9F92DA4C.png!c560x560_q80.auto",
    "source_url":"https:\/\/www.sayweee.com\/en\/category\/seasoning05\/Hot-Sauce?page=1&offset=0&filters=%7B%22catalogue_num%22%3A%22seasoning05%22%7D&trigger_type=taxonomy_seasoning05&filter_sub_category=seasoning"
  },
  {
    "category":"sauce",
    "product_name":"Laoganma Fried Chili in Oil 275 g",
    "price":3.99,
    "unit_price":"$0.41\/oz",
    "sales_count":300.0,
    "image_url":"https:\/\/img08.weeecdn.net\/product\/image\/469\/468\/354836105814FB67.png!c560x560_q80.auto",
    "source_url":"https:\/\/www.sayweee.com\/en\/category\/seasoning05\/Hot-Sauce?page=1&offset=0&filters=%7B%22catalogue_num%22%3A%22seasoning05%22%7D&trigger_type=taxonomy_seasoning05&filter_sub_category=seasoning"
  },
  {
    "category":"sauce",
    "product_name":"Good Luck Hot Sauce Mushroom & Fresh Pepper 80g 1 each",
    "price":5.19,
    "unit_price":"nan",
    "sales_count":null,
    "image_url":"https:\/\/img08.weeecdn.net\/item\/image\/164\/095\/1704A3ADF62A0F4E.png.jpeg!c560x560_q80.auto",
    "source_url":"https:\/\/www.sayweee.com\/en\/category\/seasoning05\/Hot-Sauce?page=1&offset=0&filters=%7B%22catalogue_num%22%3A%22seasoning05%22%7D&trigger_type=taxonomy_seasoning05&filter_sub_category=seasoning"
  },
  {
    "category":"sauce",
    "product_name":"Herdez Taco Sauce 7 oz",
    "price":1.79,
    "unit_price":"$0.25\/oz",
    "sales_count":null,
    "image_url":"https:\/\/img08.weeecdn.net\/product\/image\/347\/564\/7B26013939E21BA8.png!c560x560_q80.auto",
    "source_url":"https:\/\/www.sayweee.com\/en\/category\/seasoning05\/Hot-Sauce?page=1&offset=0&filters=%7B%22catalogue_num%22%3A%22seasoning05%22%7D&trigger_type=taxonomy_seasoning05&filter_sub_category=seasoning"
  },
  {
    "category":"sauce",
    "product_name":"Búfalo Classic Mexican Hot Sauce 5.7 oz",
    "price":1.49,
    "unit_price":"$0.26\/oz",
    "sales_count":null,
    "image_url":"https:\/\/img08.weeecdn.net\/item\/image\/660\/101\/5FD416930D87010A.jpg!c560x560_q80.auto",
    "source_url":"https:\/\/www.sayweee.com\/en\/category\/seasoning05\/Hot-Sauce?page=1&offset=0&filters=%7B%22catalogue_num%22%3A%22seasoning05%22%7D&trigger_type=taxonomy_seasoning05&filter_sub_category=seasoning"
  },
  {
    "category":"sauce",
    "product_name":"Salsa Huichol Hot Sauce 6.5 oz",
    "price":1.29,
    "unit_price":"$0.19\/oz",
    "sales_count":null,
    "image_url":"https:\/\/img08.weeecdn.net\/item\/image\/768\/997\/35FC1391E0C86D1.jpg!c560x560_q80.auto",
    "source_url":"https:\/\/www.sayweee.com\/en\/category\/seasoning05\/Hot-Sauce?page=1&offset=0&filters=%7B%22catalogue_num%22%3A%22seasoning05%22%7D&trigger_type=taxonomy_seasoning05&filter_sub_category=seasoning"
  },
  {
    "category":"sauce",
    "product_name":"Del Molcajete Habanero Original 9.17 oz",
    "price":3.99,
    "unit_price":"$0.43\/oz",
    "sales_count":null,
    "image_url":"https:\/\/img08.weeecdn.net\/product\/image\/602\/641\/11AE20BC19D8B0E6.jpeg!c560x560_q80.auto",
    "source_url":"https:\/\/www.sayweee.com\/en\/category\/seasoning05\/Hot-Sauce?page=1&offset=0&filters=%7B%22catalogue_num%22%3A%22seasoning05%22%7D&trigger_type=taxonomy_seasoning05&filter_sub_category=seasoning"
  },
  {
    "category":"sauce",
    "product_name":"Amor Chamoy Mild Sauce 33.8 oz",
    "price":1.49,
    "unit_price":"$0.04\/oz",
    "sales_count":null,
    "image_url":"https:\/\/img08.weeecdn.net\/product\/image\/235\/361\/4873B14B46EDEDC3.jpeg!c560x560_q80.auto",
    "source_url":"https:\/\/www.sayweee.com\/en\/category\/seasoning05\/Hot-Sauce?page=1&offset=0&filters=%7B%22catalogue_num%22%3A%22seasoning05%22%7D&trigger_type=taxonomy_seasoning05&filter_sub_category=seasoning"
  },
  {
    "category":"sauce",
    "product_name":"WOOMTREE Capsaicin Sauce 10.6 oz",
    "price":5.99,
    "unit_price":"$0.56\/oz",
    "sales_count":null,
    "image_url":"https:\/\/img08.weeecdn.net\/product\/image\/806\/409\/B4F186B59425A47.png!c560x560_q80.auto",
    "source_url":"https:\/\/www.sayweee.com\/en\/category\/seasoning05\/Hot-Sauce?page=1&offset=0&filters=%7B%22catalogue_num%22%3A%22seasoning05%22%7D&trigger_type=taxonomy_seasoning05&filter_sub_category=seasoning"
  },
  {
    "category":"sauce",
    "product_name":"A BITE OF PRIME Dice White Turnip Hot Pepper Sauce 300 g",
    "price":15.99,
    "unit_price":"$0.05\/g",
    "sales_count":null,
    "image_url":"https:\/\/img08.weeecdn.net\/item\/image\/003\/485\/58C32662B8BCD8C1.jpeg!c560x560_q80.auto",
    "source_url":"https:\/\/www.sayweee.com\/en\/category\/seasoning05\/Hot-Sauce?page=1&offset=0&filters=%7B%22catalogue_num%22%3A%22seasoning05%22%7D&trigger_type=taxonomy_seasoning05&filter_sub_category=seasoning"
  },
  {
    "category":"sauce",
    "product_name":"Dragonfly Super Hot Roasted Chili Oil 12 oz",
    "price":11.79,
    "unit_price":"$0.98\/oz",
    "sales_count":null,
    "image_url":"https:\/\/img08.weeecdn.net\/item\/image\/310\/007\/7B4832D4282881F6.jpeg!c560x560_q80.auto",
    "source_url":"https:\/\/www.sayweee.com\/en\/category\/seasoning05\/Hot-Sauce?page=1&offset=0&filters=%7B%22catalogue_num%22%3A%22seasoning05%22%7D&trigger_type=taxonomy_seasoning05&filter_sub_category=seasoning"
  },
  {
    "category":"sauce",
    "product_name":"Chunguang Yellow Lantern Chili Sauce (Spicy) 150 g",
    "price":8.27,
    "unit_price":"$0.05\/g",
    "sales_count":null,
    "image_url":"https:\/\/img08.weeecdn.net\/item\/image\/646\/747\/D4588D7AC48D22B.webp!c560x560_q80.auto",
    "source_url":"https:\/\/www.sayweee.com\/en\/category\/seasoning05\/Hot-Sauce?page=1&offset=0&filters=%7B%22catalogue_num%22%3A%22seasoning05%22%7D&trigger_type=taxonomy_seasoning05&filter_sub_category=seasoning"
  },
  {
    "category":"sauce",
    "product_name":"Chili sauce150g*1 150 g",
    "price":8.3,
    "unit_price":"$0.05\/g",
    "sales_count":null,
    "image_url":"https:\/\/img08.weeecdn.net\/item\/image\/140\/851\/4291C27D09227A7.webp!c560x560_q80.auto",
    "source_url":"https:\/\/www.sayweee.com\/en\/category\/seasoning05\/Hot-Sauce?page=1&offset=0&filters=%7B%22catalogue_num%22%3A%22seasoning05%22%7D&trigger_type=taxonomy_seasoning05&filter_sub_category=seasoning"
  },
  {
    "category":"sauce",
    "product_name":"190 grams of peanuts *1 bottle 190 g",
    "price":16.85,
    "unit_price":"$0.08\/g",
    "sales_count":null,
    "image_url":"https:\/\/img08.weeecdn.net\/item\/image\/471\/814\/353F7D4F2B3D1909.webp!c560x560_q80.auto",
    "source_url":"https:\/\/www.sayweee.com\/en\/category\/seasoning05\/Hot-Sauce?page=1&offset=0&filters=%7B%22catalogue_num%22%3A%22seasoning05%22%7D&trigger_type=taxonomy_seasoning05&filter_sub_category=seasoning"
  },
  {
    "category":"sauce",
    "product_name":"Guizhou Spicy Crispy Oil Chili 1 Bottle 240 g",
    "price":16.98,
    "unit_price":"$0.07\/g",
    "sales_count":null,
    "image_url":"https:\/\/img08.weeecdn.net\/item\/image\/510\/996\/70D3744C3EA95CB8.jpeg!c560x560_q80.auto",
    "source_url":"https:\/\/www.sayweee.com\/en\/category\/seasoning05\/Hot-Sauce?page=1&offset=0&filters=%7B%22catalogue_num%22%3A%22seasoning05%22%7D&trigger_type=taxonomy_seasoning05&filter_sub_category=seasoning"
  },
  {
    "category":"sauce",
    "product_name":"Peanut, melon seeds, five kernel chili sauce 150 g",
    "price":17.69,
    "unit_price":"$0.11\/g",
    "sales_count":null,
    "image_url":"https:\/\/img08.weeecdn.net\/item\/image\/828\/647\/7529898A9FC1BFFA.jpeg!c560x560_q80.auto",
    "source_url":"https:\/\/www.sayweee.com\/en\/category\/seasoning05\/Hot-Sauce?page=1&offset=0&filters=%7B%22catalogue_num%22%3A%22seasoning05%22%7D&trigger_type=taxonomy_seasoning05&filter_sub_category=seasoning"
  },
  {
    "category":"sauce",
    "product_name":"Miao Amei Spicy and Crispy Snack 125 g",
    "price":12.38,
    "unit_price":"$0.09\/g",
    "sales_count":null,
    "image_url":"https:\/\/img08.weeecdn.net\/item\/image\/950\/180\/6434CBC165C31594.webp!c560x560_q80.auto",
    "source_url":"https:\/\/www.sayweee.com\/en\/category\/seasoning05\/Hot-Sauce?page=1&offset=0&filters=%7B%22catalogue_num%22%3A%22seasoning05%22%7D&trigger_type=taxonomy_seasoning05&filter_sub_category=seasoning"
  },
  {
    "category":"sauce",
    "product_name":"A BITE OF PRIME Pickled Mustard Tuber Hot Pepper Sauce 300 g",
    "price":15.99,
    "unit_price":"$0.05\/g",
    "sales_count":null,
    "image_url":"https:\/\/img08.weeecdn.net\/item\/image\/642\/511\/275E83DD28A9835A.jpeg!c560x560_q80.auto",
    "source_url":"https:\/\/www.sayweee.com\/en\/category\/seasoning05\/Hot-Sauce?page=1&offset=0&filters=%7B%22catalogue_num%22%3A%22seasoning05%22%7D&trigger_type=taxonomy_seasoning05&filter_sub_category=seasoning"
  },
  {
    "category":"sauce",
    "product_name":"Chef Chens' Famous Chili Crisp 6 oz",
    "price":15.95,
    "unit_price":"$2.65\/oz",
    "sales_count":null,
    "image_url":"https:\/\/img08.weeecdn.net\/item\/image\/895\/688\/2EDF69809AE60B95.jpeg!c560x560_q80.auto",
    "source_url":"https:\/\/www.sayweee.com\/en\/category\/seasoning05\/Hot-Sauce?page=1&offset=0&filters=%7B%22catalogue_num%22%3A%22seasoning05%22%7D&trigger_type=taxonomy_seasoning05&filter_sub_category=seasoning"
  },
  {
    "category":"sauce",
    "product_name":"Taiwan Din Tai Fung Chili Oil 160 g",
    "price":20.25,
    "unit_price":"$0.12\/g",
    "sales_count":null,
    "image_url":"https:\/\/img08.weeecdn.net\/item\/image\/381\/414\/201AF7CF80FE16E.jpeg!c560x560_q80.auto",
    "source_url":"https:\/\/www.sayweee.com\/en\/category\/seasoning05\/Hot-Sauce?page=1&offset=0&filters=%7B%22catalogue_num%22%3A%22seasoning05%22%7D&trigger_type=taxonomy_seasoning05&filter_sub_category=seasoning"
  },
  {
    "category":"sauce",
    "product_name":"Taiwan Din Tai Fung Chili Sauce 170 ml",
    "price":23.85,
    "unit_price":"$0.14\/ml",
    "sales_count":null,
    "image_url":"https:\/\/img08.weeecdn.net\/item\/image\/055\/845\/3FF89EBB8457C0F3.jpeg!c560x560_q80.auto",
    "source_url":"https:\/\/www.sayweee.com\/en\/category\/seasoning05\/Hot-Sauce?page=1&offset=0&filters=%7B%22catalogue_num%22%3A%22seasoning05%22%7D&trigger_type=taxonomy_seasoning05&filter_sub_category=seasoning"
  },
  {
    "category":"sauce",
    "product_name":"FU CHUNG Garlic and Chill Sauce 180 g",
    "price":12.99,
    "unit_price":"$0.07\/g",
    "sales_count":null,
    "image_url":"https:\/\/img08.weeecdn.net\/item\/image\/416\/549\/178B8F9E9E01B5DF.jpeg!c560x560_q80.auto",
    "source_url":"https:\/\/www.sayweee.com\/en\/category\/seasoning05\/Hot-Sauce?page=1&offset=0&filters=%7B%22catalogue_num%22%3A%22seasoning05%22%7D&trigger_type=taxonomy_seasoning05&filter_sub_category=seasoning"
  },
  {
    "category":"sauce",
    "product_name":"Katayama Crushed Chili with Garlic in Olive Oil 8.1 oz",
    "price":7.99,
    "unit_price":"$0.98\/oz",
    "sales_count":null,
    "image_url":"https:\/\/img08.weeecdn.net\/item\/image\/597\/558\/1DE5B3FA50651503.jpeg!c560x560_q80.auto",
    "source_url":"https:\/\/www.sayweee.com\/en\/category\/seasoning05\/Hot-Sauce?page=1&offset=0&filters=%7B%22catalogue_num%22%3A%22seasoning05%22%7D&trigger_type=taxonomy_seasoning05&filter_sub_category=seasoning"
  },
  {
    "category":"sauce",
    "product_name":"S&B Crunchy Garlic Topping 110g\/ 1 bottle",
    "price":7.99,
    "unit_price":"nan",
    "sales_count":null,
    "image_url":"https:\/\/img08.weeecdn.net\/item\/image\/538\/334\/69A7F95D2685A8C7.jpeg!c560x560_q80.auto",
    "source_url":"https:\/\/www.sayweee.com\/en\/category\/seasoning05\/Hot-Sauce?page=1&offset=0&filters=%7B%22catalogue_num%22%3A%22seasoning05%22%7D&trigger_type=taxonomy_seasoning05&filter_sub_category=seasoning"
  },
  {
    "category":"sauce",
    "product_name":"Mae Ploy Sweet Chili Sauce 32 oz 1 each",
    "price":5.23,
    "unit_price":"nan",
    "sales_count":null,
    "image_url":"https:\/\/img08.weeecdn.net\/item\/image\/608\/134\/527E9A1582C96B1A.png!c560x560_q80.auto",
    "source_url":"https:\/\/www.sayweee.com\/en\/category\/seasoning05\/Hot-Sauce?page=1&offset=0&filters=%7B%22catalogue_num%22%3A%22seasoning05%22%7D&trigger_type=taxonomy_seasoning05&filter_sub_category=seasoning"
  },
  {
    "category":"sauce",
    "product_name":"Hot Bean Sauce 460 g",
    "price":7.85,
    "unit_price":"nan",
    "sales_count":null,
    "image_url":"https:\/\/img08.weeecdn.net\/item\/image\/864\/600\/E7BED4739B95220.png.jpeg!c560x560_q80.auto",
    "source_url":"https:\/\/www.sayweee.com\/en\/category\/seasoning05\/Hot-Sauce?page=1&offset=0&filters=%7B%22catalogue_num%22%3A%22seasoning05%22%7D&trigger_type=taxonomy_seasoning05&filter_sub_category=seasoning"
  },
  {
    "category":"sauce",
    "product_name":"Jiafeng Shaxian Chili sauce Fujian specialty 230 g",
    "price":11.51,
    "unit_price":"$0.05\/g",
    "sales_count":null,
    "image_url":"https:\/\/img08.weeecdn.net\/item\/image\/255\/073\/2C01003D00EDED5D.jpeg!c560x560_q80.auto",
    "source_url":"https:\/\/www.sayweee.com\/en\/category\/seasoning05\/Hot-Sauce?page=1&offset=0&filters=%7B%22catalogue_num%22%3A%22seasoning05%22%7D&trigger_type=taxonomy_seasoning05&filter_sub_category=seasoning"
  },
  {
    "category":"sauce",
    "product_name":"Sichuan Wazi charcoal roasted pepper sauce, Sichuan tiger skin green pepper sauce, chopped pepper sauce mixed noodles with rice, 230g*1 bottle 230 g",
    "price":23.59,
    "unit_price":"$0.10\/g",
    "sales_count":null,
    "image_url":"https:\/\/img08.weeecdn.net\/item\/image\/066\/811\/40C1A88654DE845B.webp!c560x560_q80.auto",
    "source_url":"https:\/\/www.sayweee.com\/en\/category\/seasoning05\/Hot-Sauce?page=1&offset=0&filters=%7B%22catalogue_num%22%3A%22seasoning05%22%7D&trigger_type=taxonomy_seasoning05&filter_sub_category=seasoning"
  },
  {
    "category":"sauce",
    "product_name":"Spicy Pickled Chili 450g*1 jar Guizhou Chopped Chi 450 g",
    "price":25.85,
    "unit_price":"$0.05\/g",
    "sales_count":null,
    "image_url":"https:\/\/img08.weeecdn.net\/item\/image\/938\/843\/1E934D81B9A41075.jpeg!c560x560_q80.auto",
    "source_url":"https:\/\/www.sayweee.com\/en\/category\/seasoning05\/Hot-Sauce?page=1&offset=0&filters=%7B%22catalogue_num%22%3A%22seasoning05%22%7D&trigger_type=taxonomy_seasoning05&filter_sub_category=seasoning"
  },
  {
    "category":"sauce",
    "product_name":"Guizhou Ciba Chili 200g * 1 Bag Local Huaxi Pepper Oil Chili Oil Stir fried Spicy Chicken Hotpot Base 200 g",
    "price":13.71,
    "unit_price":"$0.06\/g",
    "sales_count":null,
    "image_url":"https:\/\/img08.weeecdn.net\/item\/image\/579\/747\/1A3F3759FE98F45D.webp!c560x560_q80.auto",
    "source_url":"https:\/\/www.sayweee.com\/en\/category\/seasoning05\/Hot-Sauce?page=1&offset=0&filters=%7B%22catalogue_num%22%3A%22seasoning05%22%7D&trigger_type=taxonomy_seasoning05&filter_sub_category=seasoning"
  },
  {
    "category":"sauce",
    "product_name":"SHIH ER YUE Chili Sauce (Medium spicy) 165 g",
    "price":15.99,
    "unit_price":"$0.09\/g",
    "sales_count":null,
    "image_url":"https:\/\/img08.weeecdn.net\/item\/image\/177\/933\/3110A841EF45269C.jpeg!c560x560_q80.auto",
    "source_url":"https:\/\/www.sayweee.com\/en\/category\/seasoning05\/Hot-Sauce?page=1&offset=0&filters=%7B%22catalogue_num%22%3A%22seasoning05%22%7D&trigger_type=taxonomy_seasoning05&filter_sub_category=seasoning"
  },
  {
    "category":"sauce",
    "product_name":"Fried Chili Pepper with Black Bean (Chili Fagara Flavor) 145 g",
    "price":12.5,
    "unit_price":"$0.08\/g",
    "sales_count":null,
    "image_url":"https:\/\/img08.weeecdn.net\/item\/image\/335\/333\/481EB6B595C8B865.png!c560x560_q80.auto",
    "source_url":"https:\/\/www.sayweee.com\/en\/category\/seasoning05\/Hot-Sauce?page=1&offset=0&filters=%7B%22catalogue_num%22%3A%22seasoning05%22%7D&trigger_type=taxonomy_seasoning05&filter_sub_category=seasoning"
  },
  {
    "category":"sauce",
    "product_name":"Welcome Fragrant Charcoal Burned Chili Sauce 210g * 1 Bottle Sichuan Mixed Rice Tiger Skin Green Pepper Sauce Chopped Pepper Mixed with Noodles 210 g",
    "price":18.85,
    "unit_price":"$0.08\/g",
    "sales_count":null,
    "image_url":"https:\/\/img08.weeecdn.net\/item\/image\/980\/165\/29BE3F514968DD3B.jpeg!c560x560_q80.auto",
    "source_url":"https:\/\/www.sayweee.com\/en\/category\/seasoning05\/Hot-Sauce?page=1&offset=0&filters=%7B%22catalogue_num%22%3A%22seasoning05%22%7D&trigger_type=taxonomy_seasoning05&filter_sub_category=seasoning"
  },
  {
    "category":"sauce",
    "product_name":"Spicy cabbage pickling sauce bagged 400g * 1 bag 400 g",
    "price":20.93,
    "unit_price":"$0.05\/g",
    "sales_count":null,
    "image_url":"https:\/\/img08.weeecdn.net\/item\/image\/316\/770\/614C4B4EF0B9A4C.png!c560x560_q80.auto",
    "source_url":"https:\/\/www.sayweee.com\/en\/category\/seasoning05\/Hot-Sauce?page=1&offset=0&filters=%7B%22catalogue_num%22%3A%22seasoning05%22%7D&trigger_type=taxonomy_seasoning05&filter_sub_category=seasoning"
  },
  {
    "category":"sauce",
    "product_name":"Momoya CrispyGarlic MildChiliOil 3 Pack BB4\/27\/26 3 count",
    "price":9.19,
    "unit_price":"$3.06\/count",
    "sales_count":null,
    "image_url":"https:\/\/img08.weeecdn.net\/item\/image\/517\/115\/C60E6CC512141E2.png!c560x560_q80.auto",
    "source_url":"https:\/\/www.sayweee.com\/en\/category\/seasoning05\/Hot-Sauce?page=1&offset=0&filters=%7B%22catalogue_num%22%3A%22seasoning05%22%7D&trigger_type=taxonomy_seasoning05&filter_sub_category=seasoning"
  },
  {
    "category":"sauce",
    "product_name":"Dragonfly Super Hot Roasted Chili Oil 1 each",
    "price":11.99,
    "unit_price":"nan",
    "sales_count":null,
    "image_url":"https:\/\/img08.weeecdn.net\/item\/image\/491\/953\/2C83990DBB669436.png!c560x560_q80.auto",
    "source_url":"https:\/\/www.sayweee.com\/en\/category\/seasoning05\/Hot-Sauce?page=1&offset=0&filters=%7B%22catalogue_num%22%3A%22seasoning05%22%7D&trigger_type=taxonomy_seasoning05&filter_sub_category=seasoning"
  },
  {
    "category":"sauce",
    "product_name":"Indonesian Green Pepper Chili Sauce 180 g",
    "price":13.49,
    "unit_price":"$0.07\/g",
    "sales_count":null,
    "image_url":"https:\/\/img08.weeecdn.net\/item\/image\/596\/435\/5D48548928D7C032.jpeg!c560x560_q80.auto",
    "source_url":"https:\/\/www.sayweee.com\/en\/category\/seasoning05\/Hot-Sauce?page=1&offset=0&filters=%7B%22catalogue_num%22%3A%22seasoning05%22%7D&trigger_type=taxonomy_seasoning05&filter_sub_category=seasoning"
  },
  {
    "category":"sauce",
    "product_name":"Malaysian Hot Sauce with Shrimp Paste, Large 12 oz",
    "price":25.0,
    "unit_price":"$2.08\/oz",
    "sales_count":null,
    "image_url":"https:\/\/img08.weeecdn.net\/item\/image\/197\/749\/FE5B80497DB9117.png!c560x560_q80.auto",
    "source_url":"https:\/\/www.sayweee.com\/en\/category\/seasoning05\/Hot-Sauce?page=1&offset=0&filters=%7B%22catalogue_num%22%3A%22seasoning05%22%7D&trigger_type=taxonomy_seasoning05&filter_sub_category=seasoning"
  },
  {
    "category":"sauce",
    "product_name":"Pickled pepper millet pepper 300g*1 canned 300 g",
    "price":19.79,
    "unit_price":"$0.06\/g",
    "sales_count":null,
    "image_url":"https:\/\/img08.weeecdn.net\/item\/image\/613\/724\/12016254292B1188.jpeg!c560x560_q80.auto",
    "source_url":"https:\/\/www.sayweee.com\/en\/category\/seasoning05\/Hot-Sauce?page=1&offset=0&filters=%7B%22catalogue_num%22%3A%22seasoning05%22%7D&trigger_type=taxonomy_seasoning05&filter_sub_category=seasoning"
  },
  {
    "category":"sauce",
    "product_name":"Braised Century egg with Chili Sauce and Stir Frie 230 g",
    "price":20.89,
    "unit_price":"$0.09\/g",
    "sales_count":null,
    "image_url":"https:\/\/img08.weeecdn.net\/item\/image\/577\/884\/4FEE32AE1685280.jpeg!c560x560_q80.auto",
    "source_url":"https:\/\/www.sayweee.com\/en\/category\/seasoning05\/Hot-Sauce?page=1&offset=0&filters=%7B%22catalogue_num%22%3A%22seasoning05%22%7D&trigger_type=taxonomy_seasoning05&filter_sub_category=seasoning"
  },
  {
    "category":"sauce",
    "product_name":"Sichuan Wazi double pepper sauce 230 g",
    "price":16.8,
    "unit_price":"$0.07\/g",
    "sales_count":null,
    "image_url":"https:\/\/img08.weeecdn.net\/item\/image\/706\/937\/7D5D2231970C9CC1.webp!c560x560_q80.auto",
    "source_url":"https:\/\/www.sayweee.com\/en\/category\/seasoning05\/Hot-Sauce?page=1&offset=0&filters=%7B%22catalogue_num%22%3A%22seasoning05%22%7D&trigger_type=taxonomy_seasoning05&filter_sub_category=seasoning"
  },
  {
    "category":"sauce",
    "product_name":"spicy chilli crisp 210 g",
    "price":3.59,
    "unit_price":"nan",
    "sales_count":null,
    "image_url":"https:\/\/img08.weeecdn.net\/item\/image\/190\/876\/3DDDF7CEBC97510B.jpeg!c560x560_q80.auto",
    "source_url":"https:\/\/www.sayweee.com\/en\/category\/seasoning05\/Hot-Sauce?page=1&offset=0&filters=%7B%22catalogue_num%22%3A%22seasoning05%22%7D&trigger_type=taxonomy_seasoning05&filter_sub_category=seasoning"
  },
  {
    "category":"sauce",
    "product_name":"A BITE OF PRIME Pickled Mustard Greens Shrimp Hot 300 g",
    "price":19.99,
    "unit_price":"$0.06\/g",
    "sales_count":null,
    "image_url":"https:\/\/img08.weeecdn.net\/item\/image\/269\/527\/6A116B3A4D6F51D.jpeg!c560x560_q80.auto",
    "source_url":"https:\/\/www.sayweee.com\/en\/category\/seasoning05\/Hot-Sauce?page=1&offset=0&filters=%7B%22catalogue_num%22%3A%22seasoning05%22%7D&trigger_type=taxonomy_seasoning05&filter_sub_category=seasoning"
  },
  {
    "category":"sauce",
    "product_name":"Chongqing home-cooked stir-fried sauce 850g 850 g",
    "price":20.21,
    "unit_price":"nan",
    "sales_count":null,
    "image_url":"https:\/\/img08.weeecdn.net\/item\/image\/639\/286\/766BFD74F0604938.webp!c560x560_q80.auto",
    "source_url":"https:\/\/www.sayweee.com\/en\/category\/seasoning05\/Hot-Sauce?page=1&offset=0&filters=%7B%22catalogue_num%22%3A%22seasoning05%22%7D&trigger_type=taxonomy_seasoning05&filter_sub_category=seasoning"
  },
  {
    "category":"sauce",
    "product_name":"Guizhou spicy chicken canned packaging 100 g",
    "price":18.41,
    "unit_price":"$0.18\/g",
    "sales_count":null,
    "image_url":"https:\/\/img08.weeecdn.net\/item\/image\/096\/115\/4165C13AC8EBAFC5.jpeg!c560x560_q80.auto",
    "source_url":"https:\/\/www.sayweee.com\/en\/category\/seasoning05\/Hot-Sauce?page=1&offset=0&filters=%7B%22catalogue_num%22%3A%22seasoning05%22%7D&trigger_type=taxonomy_seasoning05&filter_sub_category=seasoning"
  },
  {
    "category":"sauce",
    "product_name":"Beef ground, soy sauce, chili, 210g * 1 bottle 210 g",
    "price":11.27,
    "unit_price":"$0.05\/g",
    "sales_count":null,
    "image_url":"https:\/\/img08.weeecdn.net\/item\/image\/984\/381\/7459BD67FCA09EE0.jpeg!c560x560_q80.auto",
    "source_url":"https:\/\/www.sayweee.com\/en\/category\/seasoning05\/Hot-Sauce?page=1&offset=0&filters=%7B%22catalogue_num%22%3A%22seasoning05%22%7D&trigger_type=taxonomy_seasoning05&filter_sub_category=seasoning"
  },
  {
    "category":"sauce",
    "product_name":"Good Luck Hot Sauce Mushroom & Soybean 80g 1 each",
    "price":5.19,
    "unit_price":"nan",
    "sales_count":null,
    "image_url":"https:\/\/img08.weeecdn.net\/item\/image\/721\/305\/542D86EC57781348.png.jpeg!c560x560_q80.auto",
    "source_url":"https:\/\/www.sayweee.com\/en\/category\/seasoning05\/Hot-Sauce?page=1&offset=0&filters=%7B%22catalogue_num%22%3A%22seasoning05%22%7D&trigger_type=taxonomy_seasoning05&filter_sub_category=seasoning"
  },
  {
    "category":"sauce",
    "product_name":"Garlic Strong Side-Dish Chili Oil  95g 1 bottle",
    "price":7.22,
    "unit_price":"nan",
    "sales_count":null,
    "image_url":"https:\/\/img08.weeecdn.net\/item\/image\/818\/500\/48E0C3193F690452.png.jpeg!c560x560_q80.auto",
    "source_url":"https:\/\/www.sayweee.com\/en\/category\/seasoning05\/Hot-Sauce?page=1&offset=0&filters=%7B%22catalogue_num%22%3A%22seasoning05%22%7D&trigger_type=taxonomy_seasoning05&filter_sub_category=seasoning"
  },
  {
    "category":"sauce",
    "product_name":"Guangxi specialty sauce flavor colorful pickled pe 300 g",
    "price":23.0,
    "unit_price":"$0.07\/g",
    "sales_count":null,
    "image_url":"https:\/\/img08.weeecdn.net\/item\/image\/680\/039\/7FD533241C884F2D.jpeg!c560x560_q80.auto",
    "source_url":"https:\/\/www.sayweee.com\/en\/category\/seasoning05\/Hot-Sauce?page=1&offset=0&filters=%7B%22catalogue_num%22%3A%22seasoning05%22%7D&trigger_type=taxonomy_seasoning05&filter_sub_category=seasoning"
  },
  {
    "category":"sauce",
    "product_name":"Sichuan baby mixed with vegetable red oil 200 g",
    "price":11.27,
    "unit_price":"$0.05\/g",
    "sales_count":null,
    "image_url":"https:\/\/img08.weeecdn.net\/item\/image\/833\/412\/4985755347EFCBE3.webp!c560x560_q80.auto",
    "source_url":"https:\/\/www.sayweee.com\/en\/category\/seasoning05\/Hot-Sauce?page=1&offset=0&filters=%7B%22catalogue_num%22%3A%22seasoning05%22%7D&trigger_type=taxonomy_seasoning05&filter_sub_category=seasoning"
  },
  {
    "category":"sauce",
    "product_name":"Wang Mabo Tofu Sauce Extra Hot 130g 1 each",
    "price":4.3,
    "unit_price":"nan",
    "sales_count":null,
    "image_url":"https:\/\/img08.weeecdn.net\/item\/image\/304\/599\/3296EAC8C36D0380.png.jpeg!c560x560_q80.auto",
    "source_url":"https:\/\/www.sayweee.com\/en\/category\/seasoning05\/Hot-Sauce?page=1&offset=0&filters=%7B%22catalogue_num%22%3A%22seasoning05%22%7D&trigger_type=taxonomy_seasoning05&filter_sub_category=seasoning"
  },
  {
    "category":"sauce",
    "product_name":"Ground Chilli Garlic in Oil Tuong Ot Sa Te An Pho 205 g",
    "price":5.21,
    "unit_price":"nan",
    "sales_count":null,
    "image_url":"https:\/\/img08.weeecdn.net\/item\/image\/642\/957\/1833EC088236F9C6.png.jpeg!c560x560_q80.auto",
    "source_url":"https:\/\/www.sayweee.com\/en\/category\/seasoning05\/Hot-Sauce?page=1&offset=0&filters=%7B%22catalogue_num%22%3A%22seasoning05%22%7D&trigger_type=taxonomy_seasoning05&filter_sub_category=seasoning"
  },
  {
    "category":"sauce",
    "product_name":"Xiangji No.1 Fresh Chili Sauce, Pepper Sauce Dish 248 g",
    "price":14.49,
    "unit_price":"$0.05\/g",
    "sales_count":null,
    "image_url":"https:\/\/img08.weeecdn.net\/item\/image\/761\/799\/13BF8212083225E6.jpeg!c560x560_q80.auto",
    "source_url":"https:\/\/www.sayweee.com\/en\/category\/seasoning05\/Hot-Sauce?page=1&offset=0&filters=%7B%22catalogue_num%22%3A%22seasoning05%22%7D&trigger_type=taxonomy_seasoning05&filter_sub_category=seasoning"
  },
  {
    "category":"sauce",
    "product_name":"Xiangji No.1 Spicy Beef Chili Sauce Dipping Sauce 238 g",
    "price":16.99,
    "unit_price":"$0.07\/g",
    "sales_count":null,
    "image_url":"https:\/\/img08.weeecdn.net\/item\/image\/481\/049\/73310FD3EDE52DD.jpeg!c560x560_q80.auto",
    "source_url":"https:\/\/www.sayweee.com\/en\/category\/seasoning05\/Hot-Sauce?page=1&offset=0&filters=%7B%22catalogue_num%22%3A%22seasoning05%22%7D&trigger_type=taxonomy_seasoning05&filter_sub_category=seasoning"
  },
  {
    "category":"sauce",
    "product_name":"Nanshanpo spicy chicken oil chili Guizhou spicy 230 g",
    "price":22.94,
    "unit_price":"$0.09\/g",
    "sales_count":null,
    "image_url":"https:\/\/img08.weeecdn.net\/item\/image\/396\/287\/509D4A31848880.png.jpeg!c560x560_q80.auto",
    "source_url":"https:\/\/www.sayweee.com\/en\/category\/seasoning05\/Hot-Sauce?page=1&offset=0&filters=%7B%22catalogue_num%22%3A%22seasoning05%22%7D&trigger_type=taxonomy_seasoning05&filter_sub_category=seasoning"
  },
  {
    "category":"sauce",
    "product_name":"Green pepper sauce15g*10 150 g",
    "price":8.9,
    "unit_price":"$0.05\/g",
    "sales_count":null,
    "image_url":"https:\/\/img08.weeecdn.net\/item\/image\/957\/436\/2188EBE1F9095AED.webp!c560x560_q80.auto",
    "source_url":"https:\/\/www.sayweee.com\/en\/category\/seasoning05\/Hot-Sauce?page=1&offset=0&filters=%7B%22catalogue_num%22%3A%22seasoning05%22%7D&trigger_type=taxonomy_seasoning05&filter_sub_category=seasoning"
  },
  {
    "category":"sauce",
    "product_name":"Katayama - Crushed Chili 10 oz",
    "price":8.99,
    "unit_price":"$0.89\/oz",
    "sales_count":null,
    "image_url":"https:\/\/img08.weeecdn.net\/item\/image\/598\/561\/7F6E9F49AA78FBBC.jpeg!c560x560_q80.auto",
    "source_url":"https:\/\/www.sayweee.com\/en\/category\/seasoning05\/Hot-Sauce?page=1&offset=0&filters=%7B%22catalogue_num%22%3A%22seasoning05%22%7D&trigger_type=taxonomy_seasoning05&filter_sub_category=seasoning"
  },
  {
    "category":"sauce",
    "product_name":"GOCHUJANG Hot Pepper Paste (Mild) 17.64 oz",
    "price":6.64,
    "unit_price":"$0.37\/oz",
    "sales_count":null,
    "image_url":"https:\/\/img08.weeecdn.net\/item\/image\/412\/511\/CFC3F0AD8FFA4BE.jpeg!c560x560_q80.auto",
    "source_url":"https:\/\/www.sayweee.com\/en\/category\/seasoning05\/Hot-Sauce?page=1&offset=0&filters=%7B%22catalogue_num%22%3A%22seasoning05%22%7D&trigger_type=taxonomy_seasoning05&filter_sub_category=seasoning"
  },
  {
    "category":"sauce",
    "product_name":"SHENG ZU Kinmen Hot Sauce 220 g",
    "price":12.99,
    "unit_price":"$0.05\/g",
    "sales_count":null,
    "image_url":"https:\/\/img08.weeecdn.net\/item\/image\/914\/899\/5BBAF09EBF1B7FF1.jpeg!c560x560_q80.auto",
    "source_url":"https:\/\/www.sayweee.com\/en\/category\/seasoning05\/Hot-Sauce?page=1&offset=0&filters=%7B%22catalogue_num%22%3A%22seasoning05%22%7D&trigger_type=taxonomy_seasoning05&filter_sub_category=seasoning"
  },
  {
    "category":"sauce",
    "product_name":"DONG CYUAN Chili Sauce 420 ml",
    "price":5.99,
    "unit_price":"nan",
    "sales_count":null,
    "image_url":"https:\/\/img08.weeecdn.net\/item\/image\/551\/167\/703289532EB893D8.jpeg!c560x560_q80.auto",
    "source_url":"https:\/\/www.sayweee.com\/en\/category\/seasoning05\/Hot-Sauce?page=1&offset=0&filters=%7B%22catalogue_num%22%3A%22seasoning05%22%7D&trigger_type=taxonomy_seasoning05&filter_sub_category=seasoning"
  },
  {
    "category":"sauce",
    "product_name":"China Live Signature Chili Bean Sauce 8 oz",
    "price":14.95,
    "unit_price":"$1.86\/oz",
    "sales_count":null,
    "image_url":"https:\/\/img08.weeecdn.net\/item\/image\/046\/038\/3D488C01CF77DAF6.jpeg!c560x560_q80.auto",
    "source_url":"https:\/\/www.sayweee.com\/en\/category\/seasoning05\/Hot-Sauce?page=1&offset=0&filters=%7B%22catalogue_num%22%3A%22seasoning05%22%7D&trigger_type=taxonomy_seasoning05&filter_sub_category=seasoning"
  },
  {
    "category":"sauce",
    "product_name":"China Live Sichuan Golden Red Chili Oil 4 oz",
    "price":11.95,
    "unit_price":"$2.98\/oz",
    "sales_count":null,
    "image_url":"https:\/\/img08.weeecdn.net\/item\/image\/725\/480\/5B3D4A6104CD6EA6.jpeg!c560x560_q80.auto",
    "source_url":"https:\/\/www.sayweee.com\/en\/category\/seasoning05\/Hot-Sauce?page=1&offset=0&filters=%7B%22catalogue_num%22%3A%22seasoning05%22%7D&trigger_type=taxonomy_seasoning05&filter_sub_category=seasoning"
  },
  {
    "category":"sauce",
    "product_name":"CHEF HUNG Hot Pepper Sauce 170 g",
    "price":12.99,
    "unit_price":"$0.07\/g",
    "sales_count":null,
    "image_url":"https:\/\/img08.weeecdn.net\/item\/image\/613\/074\/66F0820A4686D20C.jpeg!c560x560_q80.auto",
    "source_url":"https:\/\/www.sayweee.com\/en\/category\/seasoning05\/Hot-Sauce?page=1&offset=0&filters=%7B%22catalogue_num%22%3A%22seasoning05%22%7D&trigger_type=taxonomy_seasoning05&filter_sub_category=seasoning"
  },
  {
    "category":"sauce",
    "product_name":"Preserved Egg with Hot Pepper 50g*4 cans 200 g",
    "price":16.69,
    "unit_price":"$0.08\/g",
    "sales_count":null,
    "image_url":"https:\/\/img08.weeecdn.net\/item\/image\/844\/440\/6D6F45D546B537A8.jpeg!c560x560_q80.auto",
    "source_url":"https:\/\/www.sayweee.com\/en\/category\/seasoning05\/Hot-Sauce?page=1&offset=0&filters=%7B%22catalogue_num%22%3A%22seasoning05%22%7D&trigger_type=taxonomy_seasoning05&filter_sub_category=seasoning"
  },
  {
    "category":"sauce",
    "product_name":"Bibimbap Sauce Classic sweet hot sauce 350g\/bottle 1 bottle",
    "price":12.08,
    "unit_price":"nan",
    "sales_count":null,
    "image_url":"https:\/\/img08.weeecdn.net\/item\/image\/939\/236\/5698DC89C7C37AEE.jpeg!c560x560_q80.auto",
    "source_url":"https:\/\/www.sayweee.com\/en\/category\/seasoning05\/Hot-Sauce?page=1&offset=0&filters=%7B%22catalogue_num%22%3A%22seasoning05%22%7D&trigger_type=taxonomy_seasoning05&filter_sub_category=seasoning"
  },
  {
    "category":"sauce",
    "product_name":"[ SeaKing ] Green Chili Salt Dip 310g 1 count",
    "price":6.29,
    "unit_price":"nan",
    "sales_count":null,
    "image_url":"https:\/\/img08.weeecdn.net\/item\/image\/822\/562\/1B43D30C582BAB5B.png.jpeg!c560x560_q80.auto",
    "source_url":"https:\/\/www.sayweee.com\/en\/category\/seasoning05\/Hot-Sauce?page=1&offset=0&filters=%7B%22catalogue_num%22%3A%22seasoning05%22%7D&trigger_type=taxonomy_seasoning05&filter_sub_category=seasoning"
  },
  {
    "category":"sauce",
    "product_name":"Dongquan Chili Sauce 420 ml",
    "price":7.8,
    "unit_price":"nan",
    "sales_count":null,
    "image_url":"https:\/\/img08.weeecdn.net\/item\/image\/536\/454\/7D33ADBA0CC4B30C.png!c560x560_q80.auto",
    "source_url":"https:\/\/www.sayweee.com\/en\/category\/seasoning05\/Hot-Sauce?page=1&offset=0&filters=%7B%22catalogue_num%22%3A%22seasoning05%22%7D&trigger_type=taxonomy_seasoning05&filter_sub_category=seasoning"
  },
  {
    "category":"sauce",
    "product_name":"CHEF HUNG Pickled Mustard Greens (Slightly spicy) 170 g",
    "price":12.99,
    "unit_price":"$0.07\/g",
    "sales_count":null,
    "image_url":"https:\/\/img08.weeecdn.net\/item\/image\/654\/546\/13E81D955B52BE4.jpeg!c560x560_q80.auto",
    "source_url":"https:\/\/www.sayweee.com\/en\/category\/seasoning05\/Hot-Sauce?page=1&offset=0&filters=%7B%22catalogue_num%22%3A%22seasoning05%22%7D&trigger_type=taxonomy_seasoning05&filter_sub_category=seasoning"
  },
  {
    "category":"sauce",
    "product_name":"Rice Brothers Spicy Pepper Sauce 248g*1 248 g",
    "price":24.88,
    "unit_price":"$0.10\/g",
    "sales_count":null,
    "image_url":"https:\/\/img08.weeecdn.net\/item\/image\/620\/952\/29195B9B031ED3A0.webp!c560x560_q80.auto",
    "source_url":"https:\/\/www.sayweee.com\/en\/category\/seasoning05\/Hot-Sauce?page=1&offset=0&filters=%7B%22catalogue_num%22%3A%22seasoning05%22%7D&trigger_type=taxonomy_seasoning05&filter_sub_category=seasoning"
  },
  {
    "category":"sauce",
    "product_name":"Sweet Tiger Hunan Specialty Chili Sauce 200g 200 g",
    "price":18.59,
    "unit_price":"$0.09\/g",
    "sales_count":null,
    "image_url":"https:\/\/img08.weeecdn.net\/item\/image\/073\/791\/5F134257567143F3.jpeg!c560x560_q80.auto",
    "source_url":"https:\/\/www.sayweee.com\/en\/category\/seasoning05\/Hot-Sauce?page=1&offset=0&filters=%7B%22catalogue_num%22%3A%22seasoning05%22%7D&trigger_type=taxonomy_seasoning05&filter_sub_category=seasoning"
  },
  {
    "category":"sauce",
    "product_name":"[ Li Hailong ] Spicy Chili Oil 3 Pack Food Companion 600 g",
    "price":38.9,
    "unit_price":"$0.06\/g",
    "sales_count":null,
    "image_url":"https:\/\/img08.weeecdn.net\/item\/image\/981\/429\/32C2BBF5CE1FB731.jpeg!c560x560_q80.auto",
    "source_url":"https:\/\/www.sayweee.com\/en\/category\/seasoning05\/Hot-Sauce?page=1&offset=0&filters=%7B%22catalogue_num%22%3A%22seasoning05%22%7D&trigger_type=taxonomy_seasoning05&filter_sub_category=seasoning"
  },
  {
    "category":"sauce",
    "product_name":"Squid XO Sauce 240 g",
    "price":16.0,
    "unit_price":"$0.06\/g",
    "sales_count":null,
    "image_url":"https:\/\/img08.weeecdn.net\/item\/image\/508\/043\/79FD42558CF186E5.png!c560x560_q80.auto",
    "source_url":"https:\/\/www.sayweee.com\/en\/category\/seasoning05\/Hot-Sauce?page=1&offset=0&filters=%7B%22catalogue_num%22%3A%22seasoning05%22%7D&trigger_type=taxonomy_seasoning05&filter_sub_category=seasoning"
  },
  {
    "category":"sauce",
    "product_name":"Malaysian Nasi Lemak Chili Sauce 200 g",
    "price":11.82,
    "unit_price":"$0.05\/g",
    "sales_count":null,
    "image_url":"https:\/\/img08.weeecdn.net\/item\/image\/700\/820\/6EEF4D049F491AFD.jpeg!c560x560_q80.auto",
    "source_url":"https:\/\/www.sayweee.com\/en\/category\/seasoning05\/Hot-Sauce?page=1&offset=0&filters=%7B%22catalogue_num%22%3A%22seasoning05%22%7D&trigger_type=taxonomy_seasoning05&filter_sub_category=seasoning"
  },
  {
    "category":"sauce",
    "product_name":"Royal Flavor Pepper and Preserved Egg Sauce 100g 100 g",
    "price":11.53,
    "unit_price":"$0.11\/g",
    "sales_count":null,
    "image_url":"https:\/\/img08.weeecdn.net\/item\/image\/162\/619\/43A6EE60E581076F.jpeg!c560x560_q80.auto",
    "source_url":"https:\/\/www.sayweee.com\/en\/category\/seasoning05\/Hot-Sauce?page=1&offset=0&filters=%7B%22catalogue_num%22%3A%22seasoning05%22%7D&trigger_type=taxonomy_seasoning05&filter_sub_category=seasoning"
  },
  {
    "category":"sauce",
    "product_name":"Pantai Spring Roll Sweet Chili Sauce 32.5 oz 1 each",
    "price":7.27,
    "unit_price":"nan",
    "sales_count":null,
    "image_url":"https:\/\/img08.weeecdn.net\/item\/image\/014\/864\/1F80973C22119F08.png!c560x560_q80.auto",
    "source_url":"https:\/\/www.sayweee.com\/en\/category\/seasoning05\/Hot-Sauce?page=1&offset=0&filters=%7B%22catalogue_num%22%3A%22seasoning05%22%7D&trigger_type=taxonomy_seasoning05&filter_sub_category=seasoning"
  },
  {
    "category":"sauce",
    "product_name":"Shu secret Sichuan authentic preserved egg roast pepper sauce 218g*1 bottle 218 g",
    "price":16.85,
    "unit_price":"$0.07\/g",
    "sales_count":null,
    "image_url":"https:\/\/img08.weeecdn.net\/item\/image\/119\/904\/446B0EE2482953DB.webp!c560x560_q80.auto",
    "source_url":"https:\/\/www.sayweee.com\/en\/category\/seasoning05\/Hot-Sauce?page=1&offset=0&filters=%7B%22catalogue_num%22%3A%22seasoning05%22%7D&trigger_type=taxonomy_seasoning05&filter_sub_category=seasoning"
  },
  {
    "category":"sauce",
    "product_name":"Sour eggplant chili seeds 240g * 1 bottle 240 g",
    "price":21.45,
    "unit_price":"$0.08\/g",
    "sales_count":null,
    "image_url":"https:\/\/img08.weeecdn.net\/item\/image\/452\/805\/284B88EB14FD91EA.jpeg!c560x560_q80.auto",
    "source_url":"https:\/\/www.sayweee.com\/en\/category\/seasoning05\/Hot-Sauce?page=1&offset=0&filters=%7B%22catalogue_num%22%3A%22seasoning05%22%7D&trigger_type=taxonomy_seasoning05&filter_sub_category=seasoning"
  },
  {
    "category":"sauce",
    "product_name":"Wutou chopped pepper Gongcai chili sauce 238g 240 g",
    "price":16.68,
    "unit_price":"$0.06\/g",
    "sales_count":null,
    "image_url":"https:\/\/img08.weeecdn.net\/item\/image\/700\/535\/152A33815F54AC41.jpeg!c560x560_q80.auto",
    "source_url":"https:\/\/www.sayweee.com\/en\/category\/seasoning05\/Hot-Sauce?page=1&offset=0&filters=%7B%22catalogue_num%22%3A%22seasoning05%22%7D&trigger_type=taxonomy_seasoning05&filter_sub_category=seasoning"
  },
  {
    "category":"sauce",
    "product_name":"5 bags  Autumn Xia Chongqing small noodles seasoning 150 g",
    "price":8.75,
    "unit_price":"$0.05\/g",
    "sales_count":null,
    "image_url":"https:\/\/img08.weeecdn.net\/item\/image\/947\/289\/3C6E110EAC6DCF57.jpeg!c560x560_q80.auto",
    "source_url":"https:\/\/www.sayweee.com\/en\/category\/seasoning05\/Hot-Sauce?page=1&offset=0&filters=%7B%22catalogue_num%22%3A%22seasoning05%22%7D&trigger_type=taxonomy_seasoning05&filter_sub_category=seasoning"
  },
  {
    "category":"sauce",
    "product_name":"Sichuan Wazi double pepper sauce 230g*1 230 g",
    "price":16.55,
    "unit_price":"$0.07\/g",
    "sales_count":null,
    "image_url":"https:\/\/img08.weeecdn.net\/item\/image\/208\/061\/4C02D2A0E2437DAC.webp!c560x560_q80.auto",
    "source_url":"https:\/\/www.sayweee.com\/en\/category\/seasoning05\/Hot-Sauce?page=1&offset=0&filters=%7B%22catalogue_num%22%3A%22seasoning05%22%7D&trigger_type=taxonomy_seasoning05&filter_sub_category=seasoning"
  },
  {
    "category":"sauce",
    "product_name":"NPG Sichuan Red Peppercorn Oil 7.1 Fl Oz 210 ml",
    "price":6.99,
    "unit_price":"$0.03\/ml",
    "sales_count":null,
    "image_url":"https:\/\/img08.weeecdn.net\/item\/image\/747\/263\/5C457F8951793B16.jpeg!c560x560_q80.auto",
    "source_url":"https:\/\/www.sayweee.com\/en\/category\/seasoning05\/Hot-Sauce?page=1&offset=0&filters=%7B%22catalogue_num%22%3A%22seasoning05%22%7D&trigger_type=taxonomy_seasoning05&filter_sub_category=seasoning"
  },
  {
    "category":"sauce",
    "product_name":"Chopped pepper and dried radish chili sauce 240g 240 g",
    "price":16.34,
    "unit_price":"$0.06\/g",
    "sales_count":null,
    "image_url":"https:\/\/img08.weeecdn.net\/item\/image\/229\/121\/3D9F13B675B3A41.jpeg!c560x560_q80.auto",
    "source_url":"https:\/\/www.sayweee.com\/en\/category\/seasoning05\/Hot-Sauce?page=1&offset=0&filters=%7B%22catalogue_num%22%3A%22seasoning05%22%7D&trigger_type=taxonomy_seasoning05&filter_sub_category=seasoning"
  },
  {
    "category":"sauce",
    "product_name":"Good Luck Hot Sauce Mushroom & Fresh Pepper 80g 1 each",
    "price":5.19,
    "unit_price":"nan",
    "sales_count":null,
    "image_url":"https:\/\/img08.weeecdn.net\/item\/image\/164\/095\/1704A3ADF62A0F4E.png.jpeg!c560x560_q80.auto",
    "source_url":"https:\/\/www.sayweee.com\/en\/category\/seasoning05\/Hot-Sauce?page=1&offset=0&filters=%7B%22catalogue_num%22%3A%22seasoning05%22%7D&trigger_type=taxonomy_seasoning05&filter_sub_category=seasoning"
  },
  {
    "category":"sauce",
    "product_name":"Herdez Taco Sauce 7 oz",
    "price":1.79,
    "unit_price":"$0.25\/oz",
    "sales_count":null,
    "image_url":"https:\/\/img08.weeecdn.net\/product\/image\/347\/564\/7B26013939E21BA8.png!c560x560_q80.auto",
    "source_url":"https:\/\/www.sayweee.com\/en\/category\/seasoning05\/Hot-Sauce?page=1&offset=0&filters=%7B%22catalogue_num%22%3A%22seasoning05%22%7D&trigger_type=taxonomy_seasoning05&filter_sub_category=seasoning"
  },
  {
    "category":"sauce",
    "product_name":"Búfalo Classic Mexican Hot Sauce 5.7 oz",
    "price":1.49,
    "unit_price":"$0.26\/oz",
    "sales_count":null,
    "image_url":"https:\/\/img08.weeecdn.net\/item\/image\/660\/101\/5FD416930D87010A.jpg!c560x560_q80.auto",
    "source_url":"https:\/\/www.sayweee.com\/en\/category\/seasoning05\/Hot-Sauce?page=1&offset=0&filters=%7B%22catalogue_num%22%3A%22seasoning05%22%7D&trigger_type=taxonomy_seasoning05&filter_sub_category=seasoning"
  },
  {
    "category":"sauce",
    "product_name":"Salsa Huichol Hot Sauce 6.5 oz",
    "price":1.29,
    "unit_price":"$0.19\/oz",
    "sales_count":null,
    "image_url":"https:\/\/img08.weeecdn.net\/item\/image\/768\/997\/35FC1391E0C86D1.jpg!c560x560_q80.auto",
    "source_url":"https:\/\/www.sayweee.com\/en\/category\/seasoning05\/Hot-Sauce?page=1&offset=0&filters=%7B%22catalogue_num%22%3A%22seasoning05%22%7D&trigger_type=taxonomy_seasoning05&filter_sub_category=seasoning"
  },
  {
    "category":"sauce",
    "product_name":"Del Molcajete Habanero Original 9.17 oz",
    "price":3.99,
    "unit_price":"$0.43\/oz",
    "sales_count":null,
    "image_url":"https:\/\/img08.weeecdn.net\/product\/image\/602\/641\/11AE20BC19D8B0E6.jpeg!c560x560_q80.auto",
    "source_url":"https:\/\/www.sayweee.com\/en\/category\/seasoning05\/Hot-Sauce?page=1&offset=0&filters=%7B%22catalogue_num%22%3A%22seasoning05%22%7D&trigger_type=taxonomy_seasoning05&filter_sub_category=seasoning"
  },
  {
    "category":"sauce",
    "product_name":"Amor Chamoy Mild Sauce 33.8 oz",
    "price":1.49,
    "unit_price":"$0.04\/oz",
    "sales_count":null,
    "image_url":"https:\/\/img08.weeecdn.net\/product\/image\/235\/361\/4873B14B46EDEDC3.jpeg!c560x560_q80.auto",
    "source_url":"https:\/\/www.sayweee.com\/en\/category\/seasoning05\/Hot-Sauce?page=1&offset=0&filters=%7B%22catalogue_num%22%3A%22seasoning05%22%7D&trigger_type=taxonomy_seasoning05&filter_sub_category=seasoning"
  },
  {
    "category":"sauce",
    "product_name":"WOOMTREE Capsaicin Sauce 10.6 oz",
    "price":5.99,
    "unit_price":"$0.56\/oz",
    "sales_count":null,
    "image_url":"https:\/\/img08.weeecdn.net\/product\/image\/806\/409\/B4F186B59425A47.png!c560x560_q80.auto",
    "source_url":"https:\/\/www.sayweee.com\/en\/category\/seasoning05\/Hot-Sauce?page=1&offset=0&filters=%7B%22catalogue_num%22%3A%22seasoning05%22%7D&trigger_type=taxonomy_seasoning05&filter_sub_category=seasoning"
  },
  {
    "category":"sauce",
    "product_name":"A BITE OF PRIME Dice White Turnip Hot Pepper Sauce 300 g",
    "price":15.99,
    "unit_price":"$0.05\/g",
    "sales_count":null,
    "image_url":"https:\/\/img08.weeecdn.net\/item\/image\/003\/485\/58C32662B8BCD8C1.jpeg!c560x560_q80.auto",
    "source_url":"https:\/\/www.sayweee.com\/en\/category\/seasoning05\/Hot-Sauce?page=1&offset=0&filters=%7B%22catalogue_num%22%3A%22seasoning05%22%7D&trigger_type=taxonomy_seasoning05&filter_sub_category=seasoning"
  },
  {
    "category":"sauce",
    "product_name":"Dragonfly Super Hot Roasted Chili Oil 12 oz",
    "price":11.79,
    "unit_price":"$0.98\/oz",
    "sales_count":null,
    "image_url":"https:\/\/img08.weeecdn.net\/item\/image\/310\/007\/7B4832D4282881F6.jpeg!c560x560_q80.auto",
    "source_url":"https:\/\/www.sayweee.com\/en\/category\/seasoning05\/Hot-Sauce?page=1&offset=0&filters=%7B%22catalogue_num%22%3A%22seasoning05%22%7D&trigger_type=taxonomy_seasoning05&filter_sub_category=seasoning"
  },
  {
    "category":"sauce",
    "product_name":"Chunguang Yellow Lantern Chili Sauce (Spicy) 150 g",
    "price":8.27,
    "unit_price":"$0.05\/g",
    "sales_count":null,
    "image_url":"https:\/\/img08.weeecdn.net\/item\/image\/646\/747\/D4588D7AC48D22B.webp!c560x560_q80.auto",
    "source_url":"https:\/\/www.sayweee.com\/en\/category\/seasoning05\/Hot-Sauce?page=1&offset=0&filters=%7B%22catalogue_num%22%3A%22seasoning05%22%7D&trigger_type=taxonomy_seasoning05&filter_sub_category=seasoning"
  },
  {
    "category":"sauce",
    "product_name":"Chili sauce150g*1 150 g",
    "price":8.3,
    "unit_price":"$0.05\/g",
    "sales_count":null,
    "image_url":"https:\/\/img08.weeecdn.net\/item\/image\/140\/851\/4291C27D09227A7.webp!c560x560_q80.auto",
    "source_url":"https:\/\/www.sayweee.com\/en\/category\/seasoning05\/Hot-Sauce?page=1&offset=0&filters=%7B%22catalogue_num%22%3A%22seasoning05%22%7D&trigger_type=taxonomy_seasoning05&filter_sub_category=seasoning"
  },
  {
    "category":"sauce",
    "product_name":"190 grams of peanuts *1 bottle 190 g",
    "price":16.85,
    "unit_price":"$0.08\/g",
    "sales_count":null,
    "image_url":"https:\/\/img08.weeecdn.net\/item\/image\/471\/814\/353F7D4F2B3D1909.webp!c560x560_q80.auto",
    "source_url":"https:\/\/www.sayweee.com\/en\/category\/seasoning05\/Hot-Sauce?page=1&offset=0&filters=%7B%22catalogue_num%22%3A%22seasoning05%22%7D&trigger_type=taxonomy_seasoning05&filter_sub_category=seasoning"
  },
  {
    "category":"sauce",
    "product_name":"Guizhou Spicy Crispy Oil Chili 1 Bottle 240 g",
    "price":16.98,
    "unit_price":"$0.07\/g",
    "sales_count":null,
    "image_url":"https:\/\/img08.weeecdn.net\/item\/image\/510\/996\/70D3744C3EA95CB8.jpeg!c560x560_q80.auto",
    "source_url":"https:\/\/www.sayweee.com\/en\/category\/seasoning05\/Hot-Sauce?page=1&offset=0&filters=%7B%22catalogue_num%22%3A%22seasoning05%22%7D&trigger_type=taxonomy_seasoning05&filter_sub_category=seasoning"
  },
  {
    "category":"sauce",
    "product_name":"Peanut, melon seeds, five kernel chili sauce 150 g",
    "price":17.69,
    "unit_price":"$0.11\/g",
    "sales_count":null,
    "image_url":"https:\/\/img08.weeecdn.net\/item\/image\/828\/647\/7529898A9FC1BFFA.jpeg!c560x560_q80.auto",
    "source_url":"https:\/\/www.sayweee.com\/en\/category\/seasoning05\/Hot-Sauce?page=1&offset=0&filters=%7B%22catalogue_num%22%3A%22seasoning05%22%7D&trigger_type=taxonomy_seasoning05&filter_sub_category=seasoning"
  },
  {
    "category":"sauce",
    "product_name":"Miao Amei Spicy and Crispy Snack 125 g",
    "price":12.38,
    "unit_price":"$0.09\/g",
    "sales_count":null,
    "image_url":"https:\/\/img08.weeecdn.net\/item\/image\/950\/180\/6434CBC165C31594.webp!c560x560_q80.auto",
    "source_url":"https:\/\/www.sayweee.com\/en\/category\/seasoning05\/Hot-Sauce?page=1&offset=0&filters=%7B%22catalogue_num%22%3A%22seasoning05%22%7D&trigger_type=taxonomy_seasoning05&filter_sub_category=seasoning"
  },
  {
    "category":"sauce",
    "product_name":"A BITE OF PRIME Pickled Mustard Tuber Hot Pepper Sauce 300 g",
    "price":15.99,
    "unit_price":"$0.05\/g",
    "sales_count":null,
    "image_url":"https:\/\/img08.weeecdn.net\/item\/image\/642\/511\/275E83DD28A9835A.jpeg!c560x560_q80.auto",
    "source_url":"https:\/\/www.sayweee.com\/en\/category\/seasoning05\/Hot-Sauce?page=1&offset=0&filters=%7B%22catalogue_num%22%3A%22seasoning05%22%7D&trigger_type=taxonomy_seasoning05&filter_sub_category=seasoning"
  },
  {
    "category":"sauce",
    "product_name":"Chef Chens' Famous Chili Crisp 6 oz",
    "price":15.95,
    "unit_price":"$2.65\/oz",
    "sales_count":null,
    "image_url":"https:\/\/img08.weeecdn.net\/item\/image\/895\/688\/2EDF69809AE60B95.jpeg!c560x560_q80.auto",
    "source_url":"https:\/\/www.sayweee.com\/en\/category\/seasoning05\/Hot-Sauce?page=1&offset=0&filters=%7B%22catalogue_num%22%3A%22seasoning05%22%7D&trigger_type=taxonomy_seasoning05&filter_sub_category=seasoning"
  },
  {
    "category":"sauce",
    "product_name":"Taiwan Din Tai Fung Chili Oil 160 g",
    "price":20.25,
    "unit_price":"$0.12\/g",
    "sales_count":null,
    "image_url":"https:\/\/img08.weeecdn.net\/item\/image\/381\/414\/201AF7CF80FE16E.jpeg!c560x560_q80.auto",
    "source_url":"https:\/\/www.sayweee.com\/en\/category\/seasoning05\/Hot-Sauce?page=1&offset=0&filters=%7B%22catalogue_num%22%3A%22seasoning05%22%7D&trigger_type=taxonomy_seasoning05&filter_sub_category=seasoning"
  },
  {
    "category":"sauce",
    "product_name":"Taiwan Din Tai Fung Chili Sauce 170 ml",
    "price":23.85,
    "unit_price":"$0.14\/ml",
    "sales_count":null,
    "image_url":"https:\/\/img08.weeecdn.net\/item\/image\/055\/845\/3FF89EBB8457C0F3.jpeg!c560x560_q80.auto",
    "source_url":"https:\/\/www.sayweee.com\/en\/category\/seasoning05\/Hot-Sauce?page=1&offset=0&filters=%7B%22catalogue_num%22%3A%22seasoning05%22%7D&trigger_type=taxonomy_seasoning05&filter_sub_category=seasoning"
  },
  {
    "category":"sauce",
    "product_name":"FU CHUNG Garlic and Chill Sauce 180 g",
    "price":12.99,
    "unit_price":"$0.07\/g",
    "sales_count":null,
    "image_url":"https:\/\/img08.weeecdn.net\/item\/image\/416\/549\/178B8F9E9E01B5DF.jpeg!c560x560_q80.auto",
    "source_url":"https:\/\/www.sayweee.com\/en\/category\/seasoning05\/Hot-Sauce?page=1&offset=0&filters=%7B%22catalogue_num%22%3A%22seasoning05%22%7D&trigger_type=taxonomy_seasoning05&filter_sub_category=seasoning"
  },
  {
    "category":"sauce",
    "product_name":"Katayama Crushed Chili with Garlic in Olive Oil 8.1 oz",
    "price":7.99,
    "unit_price":"$0.98\/oz",
    "sales_count":null,
    "image_url":"https:\/\/img08.weeecdn.net\/item\/image\/597\/558\/1DE5B3FA50651503.jpeg!c560x560_q80.auto",
    "source_url":"https:\/\/www.sayweee.com\/en\/category\/seasoning05\/Hot-Sauce?page=1&offset=0&filters=%7B%22catalogue_num%22%3A%22seasoning05%22%7D&trigger_type=taxonomy_seasoning05&filter_sub_category=seasoning"
  },
  {
    "category":"sauce",
    "product_name":"S&B Crunchy Garlic Topping 110g\/ 1 bottle",
    "price":7.99,
    "unit_price":"nan",
    "sales_count":null,
    "image_url":"https:\/\/img08.weeecdn.net\/item\/image\/538\/334\/69A7F95D2685A8C7.jpeg!c560x560_q80.auto",
    "source_url":"https:\/\/www.sayweee.com\/en\/category\/seasoning05\/Hot-Sauce?page=1&offset=0&filters=%7B%22catalogue_num%22%3A%22seasoning05%22%7D&trigger_type=taxonomy_seasoning05&filter_sub_category=seasoning"
  },
  {
    "category":"sauce",
    "product_name":"Mae Ploy Sweet Chili Sauce 32 oz 1 each",
    "price":5.23,
    "unit_price":"nan",
    "sales_count":null,
    "image_url":"https:\/\/img08.weeecdn.net\/item\/image\/608\/134\/527E9A1582C96B1A.png!c560x560_q80.auto",
    "source_url":"https:\/\/www.sayweee.com\/en\/category\/seasoning05\/Hot-Sauce?page=1&offset=0&filters=%7B%22catalogue_num%22%3A%22seasoning05%22%7D&trigger_type=taxonomy_seasoning05&filter_sub_category=seasoning"
  },
  {
    "category":"sauce",
    "product_name":"Hot Bean Sauce 460 g",
    "price":7.85,
    "unit_price":"nan",
    "sales_count":null,
    "image_url":"https:\/\/img08.weeecdn.net\/item\/image\/864\/600\/E7BED4739B95220.png.jpeg!c560x560_q80.auto",
    "source_url":"https:\/\/www.sayweee.com\/en\/category\/seasoning05\/Hot-Sauce?page=1&offset=0&filters=%7B%22catalogue_num%22%3A%22seasoning05%22%7D&trigger_type=taxonomy_seasoning05&filter_sub_category=seasoning"
  },
  {
    "category":"sauce",
    "product_name":"Jiafeng Shaxian Chili sauce Fujian specialty 230 g",
    "price":11.51,
    "unit_price":"$0.05\/g",
    "sales_count":null,
    "image_url":"https:\/\/img08.weeecdn.net\/item\/image\/255\/073\/2C01003D00EDED5D.jpeg!c560x560_q80.auto",
    "source_url":"https:\/\/www.sayweee.com\/en\/category\/seasoning05\/Hot-Sauce?page=1&offset=0&filters=%7B%22catalogue_num%22%3A%22seasoning05%22%7D&trigger_type=taxonomy_seasoning05&filter_sub_category=seasoning"
  },
  {
    "category":"sauce",
    "product_name":"Sichuan Wazi charcoal roasted pepper sauce, Sichuan tiger skin green pepper sauce, chopped pepper sauce mixed noodles with rice, 230g*1 bottle 230 g",
    "price":23.59,
    "unit_price":"$0.10\/g",
    "sales_count":null,
    "image_url":"https:\/\/img08.weeecdn.net\/item\/image\/066\/811\/40C1A88654DE845B.webp!c560x560_q80.auto",
    "source_url":"https:\/\/www.sayweee.com\/en\/category\/seasoning05\/Hot-Sauce?page=1&offset=0&filters=%7B%22catalogue_num%22%3A%22seasoning05%22%7D&trigger_type=taxonomy_seasoning05&filter_sub_category=seasoning"
  },
  {
    "category":"sauce",
    "product_name":"Spicy Pickled Chili 450g*1 jar Guizhou Chopped Chi 450 g",
    "price":25.85,
    "unit_price":"$0.05\/g",
    "sales_count":null,
    "image_url":"https:\/\/img08.weeecdn.net\/item\/image\/938\/843\/1E934D81B9A41075.jpeg!c560x560_q80.auto",
    "source_url":"https:\/\/www.sayweee.com\/en\/category\/seasoning05\/Hot-Sauce?page=1&offset=0&filters=%7B%22catalogue_num%22%3A%22seasoning05%22%7D&trigger_type=taxonomy_seasoning05&filter_sub_category=seasoning"
  },
  {
    "category":"sauce",
    "product_name":"Guizhou Ciba Chili 200g * 1 Bag Local Huaxi Pepper Oil Chili Oil Stir fried Spicy Chicken Hotpot Base 200 g",
    "price":13.71,
    "unit_price":"$0.06\/g",
    "sales_count":null,
    "image_url":"https:\/\/img08.weeecdn.net\/item\/image\/579\/747\/1A3F3759FE98F45D.webp!c560x560_q80.auto",
    "source_url":"https:\/\/www.sayweee.com\/en\/category\/seasoning05\/Hot-Sauce?page=1&offset=0&filters=%7B%22catalogue_num%22%3A%22seasoning05%22%7D&trigger_type=taxonomy_seasoning05&filter_sub_category=seasoning"
  },
  {
    "category":"sauce",
    "product_name":"SHIH ER YUE Chili Sauce (Medium spicy) 165 g",
    "price":15.99,
    "unit_price":"$0.09\/g",
    "sales_count":null,
    "image_url":"https:\/\/img08.weeecdn.net\/item\/image\/177\/933\/3110A841EF45269C.jpeg!c560x560_q80.auto",
    "source_url":"https:\/\/www.sayweee.com\/en\/category\/seasoning05\/Hot-Sauce?page=1&offset=0&filters=%7B%22catalogue_num%22%3A%22seasoning05%22%7D&trigger_type=taxonomy_seasoning05&filter_sub_category=seasoning"
  },
  {
    "category":"sauce",
    "product_name":"Fried Chili Pepper with Black Bean (Chili Fagara Flavor) 145 g",
    "price":12.5,
    "unit_price":"$0.08\/g",
    "sales_count":null,
    "image_url":"https:\/\/img08.weeecdn.net\/item\/image\/335\/333\/481EB6B595C8B865.png!c560x560_q80.auto",
    "source_url":"https:\/\/www.sayweee.com\/en\/category\/seasoning05\/Hot-Sauce?page=1&offset=0&filters=%7B%22catalogue_num%22%3A%22seasoning05%22%7D&trigger_type=taxonomy_seasoning05&filter_sub_category=seasoning"
  },
  {
    "category":"sauce",
    "product_name":"Welcome Fragrant Charcoal Burned Chili Sauce 210g * 1 Bottle Sichuan Mixed Rice Tiger Skin Green Pepper Sauce Chopped Pepper Mixed with Noodles 210 g",
    "price":18.85,
    "unit_price":"$0.08\/g",
    "sales_count":null,
    "image_url":"https:\/\/img08.weeecdn.net\/item\/image\/980\/165\/29BE3F514968DD3B.jpeg!c560x560_q80.auto",
    "source_url":"https:\/\/www.sayweee.com\/en\/category\/seasoning05\/Hot-Sauce?page=1&offset=0&filters=%7B%22catalogue_num%22%3A%22seasoning05%22%7D&trigger_type=taxonomy_seasoning05&filter_sub_category=seasoning"
  },
  {
    "category":"sauce",
    "product_name":"Spicy cabbage pickling sauce bagged 400g * 1 bag 400 g",
    "price":20.93,
    "unit_price":"$0.05\/g",
    "sales_count":null,
    "image_url":"https:\/\/img08.weeecdn.net\/item\/image\/316\/770\/614C4B4EF0B9A4C.png!c560x560_q80.auto",
    "source_url":"https:\/\/www.sayweee.com\/en\/category\/seasoning05\/Hot-Sauce?page=1&offset=0&filters=%7B%22catalogue_num%22%3A%22seasoning05%22%7D&trigger_type=taxonomy_seasoning05&filter_sub_category=seasoning"
  },
  {
    "category":"sauce",
    "product_name":"Momoya CrispyGarlic MildChiliOil 3 Pack BB4\/27\/26 3 count",
    "price":9.19,
    "unit_price":"$3.06\/count",
    "sales_count":null,
    "image_url":"https:\/\/img08.weeecdn.net\/item\/image\/517\/115\/C60E6CC512141E2.png!c560x560_q80.auto",
    "source_url":"https:\/\/www.sayweee.com\/en\/category\/seasoning05\/Hot-Sauce?page=1&offset=0&filters=%7B%22catalogue_num%22%3A%22seasoning05%22%7D&trigger_type=taxonomy_seasoning05&filter_sub_category=seasoning"
  },
  {
    "category":"sauce",
    "product_name":"Dragonfly Super Hot Roasted Chili Oil 1 each",
    "price":11.99,
    "unit_price":"nan",
    "sales_count":null,
    "image_url":"https:\/\/img08.weeecdn.net\/item\/image\/491\/953\/2C83990DBB669436.png!c560x560_q80.auto",
    "source_url":"https:\/\/www.sayweee.com\/en\/category\/seasoning05\/Hot-Sauce?page=1&offset=0&filters=%7B%22catalogue_num%22%3A%22seasoning05%22%7D&trigger_type=taxonomy_seasoning05&filter_sub_category=seasoning"
  },
  {
    "category":"sauce",
    "product_name":"Indonesian Green Pepper Chili Sauce 180 g",
    "price":13.49,
    "unit_price":"$0.07\/g",
    "sales_count":null,
    "image_url":"https:\/\/img08.weeecdn.net\/item\/image\/596\/435\/5D48548928D7C032.jpeg!c560x560_q80.auto",
    "source_url":"https:\/\/www.sayweee.com\/en\/category\/seasoning05\/Hot-Sauce?page=1&offset=0&filters=%7B%22catalogue_num%22%3A%22seasoning05%22%7D&trigger_type=taxonomy_seasoning05&filter_sub_category=seasoning"
  },
  {
    "category":"sauce",
    "product_name":"Malaysian Hot Sauce with Shrimp Paste, Large 12 oz",
    "price":25.0,
    "unit_price":"$2.08\/oz",
    "sales_count":null,
    "image_url":"https:\/\/img08.weeecdn.net\/item\/image\/197\/749\/FE5B80497DB9117.png!c560x560_q80.auto",
    "source_url":"https:\/\/www.sayweee.com\/en\/category\/seasoning05\/Hot-Sauce?page=1&offset=0&filters=%7B%22catalogue_num%22%3A%22seasoning05%22%7D&trigger_type=taxonomy_seasoning05&filter_sub_category=seasoning"
  },
  {
    "category":"sauce",
    "product_name":"Pickled pepper millet pepper 300g*1 canned 300 g",
    "price":19.79,
    "unit_price":"$0.06\/g",
    "sales_count":null,
    "image_url":"https:\/\/img08.weeecdn.net\/item\/image\/613\/724\/12016254292B1188.jpeg!c560x560_q80.auto",
    "source_url":"https:\/\/www.sayweee.com\/en\/category\/seasoning05\/Hot-Sauce?page=1&offset=0&filters=%7B%22catalogue_num%22%3A%22seasoning05%22%7D&trigger_type=taxonomy_seasoning05&filter_sub_category=seasoning"
  },
  {
    "category":"sauce",
    "product_name":"Braised Century egg with Chili Sauce and Stir Frie 230 g",
    "price":20.89,
    "unit_price":"$0.09\/g",
    "sales_count":null,
    "image_url":"https:\/\/img08.weeecdn.net\/item\/image\/577\/884\/4FEE32AE1685280.jpeg!c560x560_q80.auto",
    "source_url":"https:\/\/www.sayweee.com\/en\/category\/seasoning05\/Hot-Sauce?page=1&offset=0&filters=%7B%22catalogue_num%22%3A%22seasoning05%22%7D&trigger_type=taxonomy_seasoning05&filter_sub_category=seasoning"
  },
  {
    "category":"sauce",
    "product_name":"Sichuan Wazi double pepper sauce 230 g",
    "price":16.8,
    "unit_price":"$0.07\/g",
    "sales_count":null,
    "image_url":"https:\/\/img08.weeecdn.net\/item\/image\/706\/937\/7D5D2231970C9CC1.webp!c560x560_q80.auto",
    "source_url":"https:\/\/www.sayweee.com\/en\/category\/seasoning05\/Hot-Sauce?page=1&offset=0&filters=%7B%22catalogue_num%22%3A%22seasoning05%22%7D&trigger_type=taxonomy_seasoning05&filter_sub_category=seasoning"
  },
  {
    "category":"sauce",
    "product_name":"spicy chilli crisp 210 g",
    "price":3.59,
    "unit_price":"nan",
    "sales_count":null,
    "image_url":"https:\/\/img08.weeecdn.net\/item\/image\/190\/876\/3DDDF7CEBC97510B.jpeg!c560x560_q80.auto",
    "source_url":"https:\/\/www.sayweee.com\/en\/category\/seasoning05\/Hot-Sauce?page=1&offset=0&filters=%7B%22catalogue_num%22%3A%22seasoning05%22%7D&trigger_type=taxonomy_seasoning05&filter_sub_category=seasoning"
  },
  {
    "category":"sauce",
    "product_name":"Wang Gochujang Red Pepper Paste 1.1lb 1 each",
    "price":6.99,
    "unit_price":"nan",
    "sales_count":null,
    "image_url":"https:\/\/img08.weeecdn.net\/item\/image\/820\/596\/1F340C51E287B8E2.png!c560x560_q80.auto",
    "source_url":"https:\/\/www.sayweee.com\/en\/category\/seasoning05\/Hot-Sauce?page=1&offset=0&filters=%7B%22catalogue_num%22%3A%22seasoning05%22%7D&trigger_type=taxonomy_seasoning05&filter_sub_category=seasoning"
  },
  {
    "category":"sauce",
    "product_name":"Rice sweep light 0 add red oil chili pepper spicy mixed oil spicy mixed vegetables kitchen seasoning [classic spicy oil spicy seeds 200g*1 bottle] 200 g",
    "price":19.99,
    "unit_price":"$0.09\/g",
    "sales_count":null,
    "image_url":"https:\/\/img08.weeecdn.net\/item\/image\/675\/363\/5EBBE3EF5D107347.webp!c560x560_q80.auto",
    "source_url":"https:\/\/www.sayweee.com\/en\/category\/seasoning05\/Hot-Sauce?page=1&offset=0&filters=%7B%22catalogue_num%22%3A%22seasoning05%22%7D&trigger_type=taxonomy_seasoning05&filter_sub_category=seasoning"
  },
  {
    "category":"sauce",
    "product_name":"Mr. Lee's red oil chili sauce *1 bottle 218 g",
    "price":19.99,
    "unit_price":"$0.09\/g",
    "sales_count":null,
    "image_url":"https:\/\/img08.weeecdn.net\/item\/image\/131\/065\/10DE9866A9F01B52.webp!c560x560_q80.auto",
    "source_url":"https:\/\/www.sayweee.com\/en\/category\/seasoning05\/Hot-Sauce?page=1&offset=0&filters=%7B%22catalogue_num%22%3A%22seasoning05%22%7D&trigger_type=taxonomy_seasoning05&filter_sub_category=seasoning"
  },
  {
    "category":"sauce",
    "product_name":"Laoganma black bean chili sauce 280g 280 g",
    "price":13.33,
    "unit_price":"$0.04\/g",
    "sales_count":null,
    "image_url":"https:\/\/img08.weeecdn.net\/item\/image\/077\/440\/3DE502CA3FB67C3B.jpeg!c560x560_q80.auto",
    "source_url":"https:\/\/www.sayweee.com\/en\/category\/seasoning05\/Hot-Sauce?page=1&offset=0&filters=%7B%22catalogue_num%22%3A%22seasoning05%22%7D&trigger_type=taxonomy_seasoning05&filter_sub_category=seasoning"
  },
  {
    "category":"sauce",
    "product_name":"Laoganma mushroom chili 210g * 1 bottle 210 g",
    "price":11.84,
    "unit_price":"$0.05\/g",
    "sales_count":null,
    "image_url":"https:\/\/img08.weeecdn.net\/item\/image\/463\/706\/2E2D660FC6E3F7EF.png.jpeg!c560x560_q80.auto",
    "source_url":"https:\/\/www.sayweee.com\/en\/category\/seasoning05\/Hot-Sauce?page=1&offset=0&filters=%7B%22catalogue_num%22%3A%22seasoning05%22%7D&trigger_type=taxonomy_seasoning05&filter_sub_category=seasoning"
  },
  {
    "category":"sauce",
    "product_name":"Yuanxian Hot Pepper Sauce 350 ml",
    "price":4.74,
    "unit_price":"nan",
    "sales_count":null,
    "image_url":"https:\/\/img08.weeecdn.net\/item\/image\/427\/802\/A1502B04460269A.png!c560x560_q80.auto",
    "source_url":"https:\/\/www.sayweee.com\/en\/category\/seasoning05\/Hot-Sauce?page=1&offset=0&filters=%7B%22catalogue_num%22%3A%22seasoning05%22%7D&trigger_type=taxonomy_seasoning05&filter_sub_category=seasoning"
  },
  {
    "category":"sauce",
    "product_name":"Sauce flavored cake, sauce, hand-held cake, pancake, fruit layered cake, secret special seasoning sauce 500g * 1 bag 500 g",
    "price":26.78,
    "unit_price":"$0.05\/g",
    "sales_count":null,
    "image_url":"https:\/\/img08.weeecdn.net\/item\/image\/747\/135\/12B6E66EA6FD69B2.jpeg!c560x560_q80.auto",
    "source_url":"https:\/\/www.sayweee.com\/en\/category\/seasoning05\/Hot-Sauce?page=1&offset=0&filters=%7B%22catalogue_num%22%3A%22seasoning05%22%7D&trigger_type=taxonomy_seasoning05&filter_sub_category=seasoning"
  },
  {
    "category":"sauce",
    "product_name":"Rice suffers from raw fresh red pepper sauce 230 g",
    "price":18.99,
    "unit_price":"$0.08\/g",
    "sales_count":null,
    "image_url":"https:\/\/img08.weeecdn.net\/item\/image\/618\/958\/779AACF4B0F027FC.webp!c560x560_q80.auto",
    "source_url":"https:\/\/www.sayweee.com\/en\/category\/seasoning05\/Hot-Sauce?page=1&offset=0&filters=%7B%22catalogue_num%22%3A%22seasoning05%22%7D&trigger_type=taxonomy_seasoning05&filter_sub_category=seasoning"
  },
  {
    "category":"sauce",
    "product_name":"Chop pepper snail meat 280 g",
    "price":20.02,
    "unit_price":"$0.07\/g",
    "sales_count":null,
    "image_url":"https:\/\/img08.weeecdn.net\/item\/image\/499\/571\/7C3FFFDCED6F5FE8.webp!c560x560_q80.auto",
    "source_url":"https:\/\/www.sayweee.com\/en\/category\/seasoning05\/Hot-Sauce?page=1&offset=0&filters=%7B%22catalogue_num%22%3A%22seasoning05%22%7D&trigger_type=taxonomy_seasoning05&filter_sub_category=seasoning"
  },
  {
    "category":"sauce",
    "product_name":"Braised pepper Century egg sauce 150g * 1 bottle 150 g",
    "price":9.19,
    "unit_price":"$0.06\/g",
    "sales_count":null,
    "image_url":"https:\/\/img08.weeecdn.net\/item\/image\/556\/439\/73DF8ED756F0F88A.jpeg!c560x560_q80.auto",
    "source_url":"https:\/\/www.sayweee.com\/en\/category\/seasoning05\/Hot-Sauce?page=1&offset=0&filters=%7B%22catalogue_num%22%3A%22seasoning05%22%7D&trigger_type=taxonomy_seasoning05&filter_sub_category=seasoning"
  },
  {
    "category":"sauce",
    "product_name":"Thepthida Fermented Fish Thai Chili Paste 6.35 oz",
    "price":10.59,
    "unit_price":"$1.66\/oz",
    "sales_count":null,
    "image_url":"https:\/\/img08.weeecdn.net\/item\/image\/111\/963\/1A5D39EC90226660.jpeg!c560x560_q80.auto",
    "source_url":"https:\/\/www.sayweee.com\/en\/category\/seasoning05\/Hot-Sauce?page=1&offset=0&filters=%7B%22catalogue_num%22%3A%22seasoning05%22%7D&trigger_type=taxonomy_seasoning05&filter_sub_category=seasoning"
  },
  {
    "category":"sauce",
    "product_name":"Chongqing noodle seasoning 500 g",
    "price":16.64,
    "unit_price":"$0.03\/g",
    "sales_count":null,
    "image_url":"https:\/\/img08.weeecdn.net\/item\/image\/516\/424\/4163764D1FBC6EF8.png!c560x560_q80.auto",
    "source_url":"https:\/\/www.sayweee.com\/en\/category\/seasoning05\/Hot-Sauce?page=1&offset=0&filters=%7B%22catalogue_num%22%3A%22seasoning05%22%7D&trigger_type=taxonomy_seasoning05&filter_sub_category=seasoning"
  },
  {
    "category":"sauce",
    "product_name":"Hunan pepper plum dried vegetable hot sauce 200g*1 200 g",
    "price":16.81,
    "unit_price":"$0.08\/g",
    "sales_count":null,
    "image_url":"https:\/\/img08.weeecdn.net\/item\/image\/822\/197\/6DF417475CADF9B8.jpeg!c560x560_q80.auto",
    "source_url":"https:\/\/www.sayweee.com\/en\/category\/seasoning05\/Hot-Sauce?page=1&offset=0&filters=%7B%22catalogue_num%22%3A%22seasoning05%22%7D&trigger_type=taxonomy_seasoning05&filter_sub_category=seasoning"
  },
  {
    "category":"sauce",
    "product_name":"Bibimbap sauce for children not spicy 350g\/ bottle 1 bottle",
    "price":12.08,
    "unit_price":"nan",
    "sales_count":null,
    "image_url":"https:\/\/img08.weeecdn.net\/item\/image\/723\/577\/1C5C0D66A5F3A5A8.jpeg!c560x560_q80.auto",
    "source_url":"https:\/\/www.sayweee.com\/en\/category\/seasoning05\/Hot-Sauce?page=1&offset=0&filters=%7B%22catalogue_num%22%3A%22seasoning05%22%7D&trigger_type=taxonomy_seasoning05&filter_sub_category=seasoning"
  },
  {
    "category":"sauce",
    "product_name":"Hot girl chili sauce 248 g",
    "price":16.5,
    "unit_price":"$0.06\/g",
    "sales_count":null,
    "image_url":"https:\/\/img08.weeecdn.net\/item\/image\/458\/341\/1A5084BBB3E5B2C9.webp!c560x560_q80.auto",
    "source_url":"https:\/\/www.sayweee.com\/en\/category\/seasoning05\/Hot-Sauce?page=1&offset=0&filters=%7B%22catalogue_num%22%3A%22seasoning05%22%7D&trigger_type=taxonomy_seasoning05&filter_sub_category=seasoning"
  },
  {
    "category":"sauce",
    "product_name":"CHEF HUNG Hot Pepper Sauce 170 g",
    "price":12.99,
    "unit_price":"$0.07\/g",
    "sales_count":null,
    "image_url":"https:\/\/img08.weeecdn.net\/item\/image\/613\/074\/66F0820A4686D20C.jpeg!c560x560_q80.auto",
    "source_url":"https:\/\/www.sayweee.com\/en\/category\/seasoning05\/Hot-Sauce?page=1&offset=0&filters=%7B%22catalogue_num%22%3A%22seasoning05%22%7D&trigger_type=taxonomy_seasoning05&filter_sub_category=seasoning"
  },
  {
    "category":"sauce",
    "product_name":"Preserved Egg with Hot Pepper 50g*4 cans 200 g",
    "price":16.69,
    "unit_price":"$0.08\/g",
    "sales_count":null,
    "image_url":"https:\/\/img08.weeecdn.net\/item\/image\/844\/440\/6D6F45D546B537A8.jpeg!c560x560_q80.auto",
    "source_url":"https:\/\/www.sayweee.com\/en\/category\/seasoning05\/Hot-Sauce?page=1&offset=0&filters=%7B%22catalogue_num%22%3A%22seasoning05%22%7D&trigger_type=taxonomy_seasoning05&filter_sub_category=seasoning"
  },
  {
    "category":"sauce",
    "product_name":"Bibimbap Sauce Classic sweet hot sauce 350g\/bottle 1 bottle",
    "price":12.08,
    "unit_price":"nan",
    "sales_count":null,
    "image_url":"https:\/\/img08.weeecdn.net\/item\/image\/939\/236\/5698DC89C7C37AEE.jpeg!c560x560_q80.auto",
    "source_url":"https:\/\/www.sayweee.com\/en\/category\/seasoning05\/Hot-Sauce?page=1&offset=0&filters=%7B%22catalogue_num%22%3A%22seasoning05%22%7D&trigger_type=taxonomy_seasoning05&filter_sub_category=seasoning"
  },
  {
    "category":"sauce",
    "product_name":"[ SeaKing ] Green Chili Salt Dip 310g 1 count",
    "price":6.29,
    "unit_price":"nan",
    "sales_count":null,
    "image_url":"https:\/\/img08.weeecdn.net\/item\/image\/822\/562\/1B43D30C582BAB5B.png.jpeg!c560x560_q80.auto",
    "source_url":"https:\/\/www.sayweee.com\/en\/category\/seasoning05\/Hot-Sauce?page=1&offset=0&filters=%7B%22catalogue_num%22%3A%22seasoning05%22%7D&trigger_type=taxonomy_seasoning05&filter_sub_category=seasoning"
  },
  {
    "category":"sauce",
    "product_name":"180g * 1 can of bibimbap 180 g",
    "price":9.97,
    "unit_price":"$0.05\/g",
    "sales_count":null,
    "image_url":"https:\/\/img08.weeecdn.net\/item\/image\/766\/218\/72A1037BE2813F1.webp!c560x560_q80.auto",
    "source_url":"https:\/\/www.sayweee.com\/en\/category\/seasoning05\/Hot-Sauce?page=1&offset=0&filters=%7B%22catalogue_num%22%3A%22seasoning05%22%7D&trigger_type=taxonomy_seasoning05&filter_sub_category=seasoning"
  },
  {
    "category":"sauce",
    "product_name":"Dongquan Chili Sauce 420 ml",
    "price":7.8,
    "unit_price":"nan",
    "sales_count":null,
    "image_url":"https:\/\/img08.weeecdn.net\/item\/image\/536\/454\/7D33ADBA0CC4B30C.png!c560x560_q80.auto",
    "source_url":"https:\/\/www.sayweee.com\/en\/category\/seasoning05\/Hot-Sauce?page=1&offset=0&filters=%7B%22catalogue_num%22%3A%22seasoning05%22%7D&trigger_type=taxonomy_seasoning05&filter_sub_category=seasoning"
  },
  {
    "category":"sauce",
    "product_name":"CHEF HUNG Pickled Mustard Greens (Slightly spicy) 170 g",
    "price":12.99,
    "unit_price":"$0.07\/g",
    "sales_count":null,
    "image_url":"https:\/\/img08.weeecdn.net\/item\/image\/654\/546\/13E81D955B52BE4.jpeg!c560x560_q80.auto",
    "source_url":"https:\/\/www.sayweee.com\/en\/category\/seasoning05\/Hot-Sauce?page=1&offset=0&filters=%7B%22catalogue_num%22%3A%22seasoning05%22%7D&trigger_type=taxonomy_seasoning05&filter_sub_category=seasoning"
  },
  {
    "category":"sauce",
    "product_name":"Rice Brothers Spicy Pepper Sauce 248g*1 248 g",
    "price":24.88,
    "unit_price":"$0.10\/g",
    "sales_count":null,
    "image_url":"https:\/\/img08.weeecdn.net\/item\/image\/620\/952\/29195B9B031ED3A0.webp!c560x560_q80.auto",
    "source_url":"https:\/\/www.sayweee.com\/en\/category\/seasoning05\/Hot-Sauce?page=1&offset=0&filters=%7B%22catalogue_num%22%3A%22seasoning05%22%7D&trigger_type=taxonomy_seasoning05&filter_sub_category=seasoning"
  },
  {
    "category":"sauce",
    "product_name":"Sweet Tiger Hunan Specialty Chili Sauce 200g 200 g",
    "price":18.59,
    "unit_price":"$0.09\/g",
    "sales_count":null,
    "image_url":"https:\/\/img08.weeecdn.net\/item\/image\/073\/791\/5F134257567143F3.jpeg!c560x560_q80.auto",
    "source_url":"https:\/\/www.sayweee.com\/en\/category\/seasoning05\/Hot-Sauce?page=1&offset=0&filters=%7B%22catalogue_num%22%3A%22seasoning05%22%7D&trigger_type=taxonomy_seasoning05&filter_sub_category=seasoning"
  },
  {
    "category":"sauce",
    "product_name":"Spicy perilla sauce 200g*1 can 200 g",
    "price":19.45,
    "unit_price":"$0.09\/g",
    "sales_count":null,
    "image_url":"https:\/\/img08.weeecdn.net\/item\/image\/734\/503\/70982275B11AFEF9.webp!c560x560_q80.auto",
    "source_url":"https:\/\/www.sayweee.com\/en\/category\/seasoning05\/Hot-Sauce?page=1&offset=0&filters=%7B%22catalogue_num%22%3A%22seasoning05%22%7D&trigger_type=taxonomy_seasoning05&filter_sub_category=seasoning"
  },
  {
    "category":"sauce",
    "product_name":"[ Li Hailong ] Spicy Chili Oil 3 Pack Food Companion 600 g",
    "price":38.9,
    "unit_price":"$0.06\/g",
    "sales_count":null,
    "image_url":"https:\/\/img08.weeecdn.net\/item\/image\/981\/429\/32C2BBF5CE1FB731.jpeg!c560x560_q80.auto",
    "source_url":"https:\/\/www.sayweee.com\/en\/category\/seasoning05\/Hot-Sauce?page=1&offset=0&filters=%7B%22catalogue_num%22%3A%22seasoning05%22%7D&trigger_type=taxonomy_seasoning05&filter_sub_category=seasoning"
  },
  {
    "category":"sauce",
    "product_name":"Squid XO Sauce 240 g",
    "price":16.0,
    "unit_price":"$0.06\/g",
    "sales_count":null,
    "image_url":"https:\/\/img08.weeecdn.net\/item\/image\/508\/043\/79FD42558CF186E5.png!c560x560_q80.auto",
    "source_url":"https:\/\/www.sayweee.com\/en\/category\/seasoning05\/Hot-Sauce?page=1&offset=0&filters=%7B%22catalogue_num%22%3A%22seasoning05%22%7D&trigger_type=taxonomy_seasoning05&filter_sub_category=seasoning"
  },
  {
    "category":"sauce",
    "product_name":"Malaysian Nasi Lemak Chili Sauce 200 g",
    "price":11.82,
    "unit_price":"$0.05\/g",
    "sales_count":null,
    "image_url":"https:\/\/img08.weeecdn.net\/item\/image\/700\/820\/6EEF4D049F491AFD.jpeg!c560x560_q80.auto",
    "source_url":"https:\/\/www.sayweee.com\/en\/category\/seasoning05\/Hot-Sauce?page=1&offset=0&filters=%7B%22catalogue_num%22%3A%22seasoning05%22%7D&trigger_type=taxonomy_seasoning05&filter_sub_category=seasoning"
  },
  {
    "category":"sauce",
    "product_name":"Royal Flavor Pepper and Preserved Egg Sauce 100g 100 g",
    "price":11.53,
    "unit_price":"$0.11\/g",
    "sales_count":null,
    "image_url":"https:\/\/img08.weeecdn.net\/item\/image\/162\/619\/43A6EE60E581076F.jpeg!c560x560_q80.auto",
    "source_url":"https:\/\/www.sayweee.com\/en\/category\/seasoning05\/Hot-Sauce?page=1&offset=0&filters=%7B%22catalogue_num%22%3A%22seasoning05%22%7D&trigger_type=taxonomy_seasoning05&filter_sub_category=seasoning"
  },
  {
    "category":"sauce",
    "product_name":"Spicy toon sauce 200g*1 bottle 200 g",
    "price":19.9,
    "unit_price":"$0.09\/g",
    "sales_count":null,
    "image_url":"https:\/\/img08.weeecdn.net\/item\/image\/606\/226\/5FB4AC028AD99C78.webp!c560x560_q80.auto",
    "source_url":"https:\/\/www.sayweee.com\/en\/category\/seasoning05\/Hot-Sauce?page=1&offset=0&filters=%7B%22catalogue_num%22%3A%22seasoning05%22%7D&trigger_type=taxonomy_seasoning05&filter_sub_category=seasoning"
  },
  {
    "category":"sauce",
    "product_name":"Pantai Spring Roll Sweet Chili Sauce 32.5 oz 1 each",
    "price":7.27,
    "unit_price":"nan",
    "sales_count":null,
    "image_url":"https:\/\/img08.weeecdn.net\/item\/image\/014\/864\/1F80973C22119F08.png!c560x560_q80.auto",
    "source_url":"https:\/\/www.sayweee.com\/en\/category\/seasoning05\/Hot-Sauce?page=1&offset=0&filters=%7B%22catalogue_num%22%3A%22seasoning05%22%7D&trigger_type=taxonomy_seasoning05&filter_sub_category=seasoning"
  },
  {
    "category":"sauce",
    "product_name":"Shu secret Sichuan authentic preserved egg roast pepper sauce 218g*1 bottle 218 g",
    "price":16.85,
    "unit_price":"$0.07\/g",
    "sales_count":null,
    "image_url":"https:\/\/img08.weeecdn.net\/item\/image\/119\/904\/446B0EE2482953DB.webp!c560x560_q80.auto",
    "source_url":"https:\/\/www.sayweee.com\/en\/category\/seasoning05\/Hot-Sauce?page=1&offset=0&filters=%7B%22catalogue_num%22%3A%22seasoning05%22%7D&trigger_type=taxonomy_seasoning05&filter_sub_category=seasoning"
  },
  {
    "category":"sauce",
    "product_name":"Sour eggplant chili seeds 240g * 1 bottle 240 g",
    "price":21.45,
    "unit_price":"$0.08\/g",
    "sales_count":null,
    "image_url":"https:\/\/img08.weeecdn.net\/item\/image\/452\/805\/284B88EB14FD91EA.jpeg!c560x560_q80.auto",
    "source_url":"https:\/\/www.sayweee.com\/en\/category\/seasoning05\/Hot-Sauce?page=1&offset=0&filters=%7B%22catalogue_num%22%3A%22seasoning05%22%7D&trigger_type=taxonomy_seasoning05&filter_sub_category=seasoning"
  },
  {
    "category":"sauce",
    "product_name":"Wutou chopped pepper Gongcai chili sauce 238g 240 g",
    "price":16.68,
    "unit_price":"$0.06\/g",
    "sales_count":null,
    "image_url":"https:\/\/img08.weeecdn.net\/item\/image\/700\/535\/152A33815F54AC41.jpeg!c560x560_q80.auto",
    "source_url":"https:\/\/www.sayweee.com\/en\/category\/seasoning05\/Hot-Sauce?page=1&offset=0&filters=%7B%22catalogue_num%22%3A%22seasoning05%22%7D&trigger_type=taxonomy_seasoning05&filter_sub_category=seasoning"
  },
  {
    "category":"sauce",
    "product_name":"Sichuan oil poured spicy seeds 100g*1 bag 100 g",
    "price":7.0,
    "unit_price":"$0.07\/g",
    "sales_count":null,
    "image_url":"https:\/\/img08.weeecdn.net\/item\/image\/556\/358\/2DE40A4A88669967.jpeg!c560x560_q80.auto",
    "source_url":"https:\/\/www.sayweee.com\/en\/category\/seasoning05\/Hot-Sauce?page=1&offset=0&filters=%7B%22catalogue_num%22%3A%22seasoning05%22%7D&trigger_type=taxonomy_seasoning05&filter_sub_category=seasoning"
  },
  {
    "category":"sauce",
    "product_name":"5 bags  Autumn Xia Chongqing small noodles seasoning 150 g",
    "price":8.75,
    "unit_price":"$0.05\/g",
    "sales_count":null,
    "image_url":"https:\/\/img08.weeecdn.net\/item\/image\/947\/289\/3C6E110EAC6DCF57.jpeg!c560x560_q80.auto",
    "source_url":"https:\/\/www.sayweee.com\/en\/category\/seasoning05\/Hot-Sauce?page=1&offset=0&filters=%7B%22catalogue_num%22%3A%22seasoning05%22%7D&trigger_type=taxonomy_seasoning05&filter_sub_category=seasoning"
  },
  {
    "category":"sauce",
    "product_name":"Sichuan Wazi double pepper sauce 230g*1 230 g",
    "price":16.55,
    "unit_price":"$0.07\/g",
    "sales_count":null,
    "image_url":"https:\/\/img08.weeecdn.net\/item\/image\/208\/061\/4C02D2A0E2437DAC.webp!c560x560_q80.auto",
    "source_url":"https:\/\/www.sayweee.com\/en\/category\/seasoning05\/Hot-Sauce?page=1&offset=0&filters=%7B%22catalogue_num%22%3A%22seasoning05%22%7D&trigger_type=taxonomy_seasoning05&filter_sub_category=seasoning"
  },
  {
    "category":"sauce",
    "product_name":"NPG Sichuan Red Peppercorn Oil 7.1 Fl Oz 210 ml",
    "price":6.99,
    "unit_price":"$0.03\/ml",
    "sales_count":null,
    "image_url":"https:\/\/img08.weeecdn.net\/item\/image\/747\/263\/5C457F8951793B16.jpeg!c560x560_q80.auto",
    "source_url":"https:\/\/www.sayweee.com\/en\/category\/seasoning05\/Hot-Sauce?page=1&offset=0&filters=%7B%22catalogue_num%22%3A%22seasoning05%22%7D&trigger_type=taxonomy_seasoning05&filter_sub_category=seasoning"
  },
  {
    "category":"sauce",
    "product_name":"Chopped pepper and dried radish chili sauce 240g 240 g",
    "price":16.34,
    "unit_price":"$0.06\/g",
    "sales_count":null,
    "image_url":"https:\/\/img08.weeecdn.net\/item\/image\/229\/121\/3D9F13B675B3A41.jpeg!c560x560_q80.auto",
    "source_url":"https:\/\/www.sayweee.com\/en\/category\/seasoning05\/Hot-Sauce?page=1&offset=0&filters=%7B%22catalogue_num%22%3A%22seasoning05%22%7D&trigger_type=taxonomy_seasoning05&filter_sub_category=seasoning"
  },
  {
    "category":"sauce",
    "product_name":"Good Luck Hot Sauce Combo Mushroom&Pepper+Soybean 160 g",
    "price":8.19,
    "unit_price":"$0.05\/g",
    "sales_count":null,
    "image_url":"https:\/\/img08.weeecdn.net\/item\/image\/961\/212\/3AC7FA4B7EA8A9D8.png.jpeg!c560x560_q80.auto",
    "source_url":"https:\/\/www.sayweee.com\/en\/category\/seasoning05\/Hot-Sauce?page=1&offset=0&filters=%7B%22catalogue_num%22%3A%22seasoning05%22%7D&trigger_type=taxonomy_seasoning05&filter_sub_category=seasoning"
  },
  {
    "category":"sauce",
    "product_name":"Good Luck Hot Sauce Mushroom & Fresh Pepper 80g 1 each",
    "price":5.19,
    "unit_price":"nan",
    "sales_count":null,
    "image_url":"https:\/\/img08.weeecdn.net\/item\/image\/164\/095\/1704A3ADF62A0F4E.png.jpeg!c560x560_q80.auto",
    "source_url":"https:\/\/www.sayweee.com\/en\/category\/seasoning05\/Hot-Sauce?page=1&offset=0&filters=%7B%22catalogue_num%22%3A%22seasoning05%22%7D&trigger_type=taxonomy_seasoning05&filter_sub_category=seasoning"
  },
  {
    "category":"sauce",
    "product_name":"Herdez Taco Sauce 7 oz",
    "price":1.79,
    "unit_price":"$0.25\/oz",
    "sales_count":null,
    "image_url":"https:\/\/img08.weeecdn.net\/product\/image\/347\/564\/7B26013939E21BA8.png!c560x560_q80.auto",
    "source_url":"https:\/\/www.sayweee.com\/en\/category\/seasoning05\/Hot-Sauce?page=1&offset=0&filters=%7B%22catalogue_num%22%3A%22seasoning05%22%7D&trigger_type=taxonomy_seasoning05&filter_sub_category=seasoning"
  },
  {
    "category":"sauce",
    "product_name":"Búfalo Classic Mexican Hot Sauce 5.7 oz",
    "price":1.49,
    "unit_price":"$0.26\/oz",
    "sales_count":null,
    "image_url":"https:\/\/img08.weeecdn.net\/item\/image\/660\/101\/5FD416930D87010A.jpg!c560x560_q80.auto",
    "source_url":"https:\/\/www.sayweee.com\/en\/category\/seasoning05\/Hot-Sauce?page=1&offset=0&filters=%7B%22catalogue_num%22%3A%22seasoning05%22%7D&trigger_type=taxonomy_seasoning05&filter_sub_category=seasoning"
  },
  {
    "category":"sauce",
    "product_name":"Salsa Huichol Hot Sauce 6.5 oz",
    "price":1.29,
    "unit_price":"$0.19\/oz",
    "sales_count":null,
    "image_url":"https:\/\/img08.weeecdn.net\/item\/image\/768\/997\/35FC1391E0C86D1.jpg!c560x560_q80.auto",
    "source_url":"https:\/\/www.sayweee.com\/en\/category\/seasoning05\/Hot-Sauce?page=1&offset=0&filters=%7B%22catalogue_num%22%3A%22seasoning05%22%7D&trigger_type=taxonomy_seasoning05&filter_sub_category=seasoning"
  },
  {
    "category":"sauce",
    "product_name":"Del Molcajete Habanero Original 9.17 oz",
    "price":3.99,
    "unit_price":"$0.43\/oz",
    "sales_count":null,
    "image_url":"https:\/\/img08.weeecdn.net\/product\/image\/602\/641\/11AE20BC19D8B0E6.jpeg!c560x560_q80.auto",
    "source_url":"https:\/\/www.sayweee.com\/en\/category\/seasoning05\/Hot-Sauce?page=1&offset=0&filters=%7B%22catalogue_num%22%3A%22seasoning05%22%7D&trigger_type=taxonomy_seasoning05&filter_sub_category=seasoning"
  },
  {
    "category":"sauce",
    "product_name":"Amor Chamoy Mild Sauce 33.8 oz",
    "price":1.49,
    "unit_price":"$0.04\/oz",
    "sales_count":null,
    "image_url":"https:\/\/img08.weeecdn.net\/product\/image\/235\/361\/4873B14B46EDEDC3.jpeg!c560x560_q80.auto",
    "source_url":"https:\/\/www.sayweee.com\/en\/category\/seasoning05\/Hot-Sauce?page=1&offset=0&filters=%7B%22catalogue_num%22%3A%22seasoning05%22%7D&trigger_type=taxonomy_seasoning05&filter_sub_category=seasoning"
  },
  {
    "category":"sauce",
    "product_name":"WOOMTREE Capsaicin Sauce 10.6 oz",
    "price":5.99,
    "unit_price":"$0.56\/oz",
    "sales_count":null,
    "image_url":"https:\/\/img08.weeecdn.net\/product\/image\/806\/409\/B4F186B59425A47.png!c560x560_q80.auto",
    "source_url":"https:\/\/www.sayweee.com\/en\/category\/seasoning05\/Hot-Sauce?page=1&offset=0&filters=%7B%22catalogue_num%22%3A%22seasoning05%22%7D&trigger_type=taxonomy_seasoning05&filter_sub_category=seasoning"
  },
  {
    "category":"sauce",
    "product_name":"A BITE OF PRIME Dice White Turnip Hot Pepper Sauce 300 g",
    "price":15.99,
    "unit_price":"$0.05\/g",
    "sales_count":null,
    "image_url":"https:\/\/img08.weeecdn.net\/item\/image\/003\/485\/58C32662B8BCD8C1.jpeg!c560x560_q80.auto",
    "source_url":"https:\/\/www.sayweee.com\/en\/category\/seasoning05\/Hot-Sauce?page=1&offset=0&filters=%7B%22catalogue_num%22%3A%22seasoning05%22%7D&trigger_type=taxonomy_seasoning05&filter_sub_category=seasoning"
  },
  {
    "category":"sauce",
    "product_name":"Dragonfly Super Hot Roasted Chili Oil 12 oz",
    "price":11.79,
    "unit_price":"$0.98\/oz",
    "sales_count":null,
    "image_url":"https:\/\/img08.weeecdn.net\/item\/image\/310\/007\/7B4832D4282881F6.jpeg!c560x560_q80.auto",
    "source_url":"https:\/\/www.sayweee.com\/en\/category\/seasoning05\/Hot-Sauce?page=1&offset=0&filters=%7B%22catalogue_num%22%3A%22seasoning05%22%7D&trigger_type=taxonomy_seasoning05&filter_sub_category=seasoning"
  },
  {
    "category":"sauce",
    "product_name":"Chunguang Yellow Lantern Chili Sauce (Spicy) 150 g",
    "price":8.27,
    "unit_price":"$0.05\/g",
    "sales_count":null,
    "image_url":"https:\/\/img08.weeecdn.net\/item\/image\/646\/747\/D4588D7AC48D22B.webp!c560x560_q80.auto",
    "source_url":"https:\/\/www.sayweee.com\/en\/category\/seasoning05\/Hot-Sauce?page=1&offset=0&filters=%7B%22catalogue_num%22%3A%22seasoning05%22%7D&trigger_type=taxonomy_seasoning05&filter_sub_category=seasoning"
  },
  {
    "category":"sauce",
    "product_name":"Chili sauce150g*1 150 g",
    "price":8.3,
    "unit_price":"$0.05\/g",
    "sales_count":null,
    "image_url":"https:\/\/img08.weeecdn.net\/item\/image\/140\/851\/4291C27D09227A7.webp!c560x560_q80.auto",
    "source_url":"https:\/\/www.sayweee.com\/en\/category\/seasoning05\/Hot-Sauce?page=1&offset=0&filters=%7B%22catalogue_num%22%3A%22seasoning05%22%7D&trigger_type=taxonomy_seasoning05&filter_sub_category=seasoning"
  },
  {
    "category":"sauce",
    "product_name":"190 grams of peanuts *1 bottle 190 g",
    "price":16.85,
    "unit_price":"$0.08\/g",
    "sales_count":null,
    "image_url":"https:\/\/img08.weeecdn.net\/item\/image\/471\/814\/353F7D4F2B3D1909.webp!c560x560_q80.auto",
    "source_url":"https:\/\/www.sayweee.com\/en\/category\/seasoning05\/Hot-Sauce?page=1&offset=0&filters=%7B%22catalogue_num%22%3A%22seasoning05%22%7D&trigger_type=taxonomy_seasoning05&filter_sub_category=seasoning"
  },
  {
    "category":"sauce",
    "product_name":"Guizhou Spicy Crispy Oil Chili 1 Bottle 240 g",
    "price":16.98,
    "unit_price":"$0.07\/g",
    "sales_count":null,
    "image_url":"https:\/\/img08.weeecdn.net\/item\/image\/510\/996\/70D3744C3EA95CB8.jpeg!c560x560_q80.auto",
    "source_url":"https:\/\/www.sayweee.com\/en\/category\/seasoning05\/Hot-Sauce?page=1&offset=0&filters=%7B%22catalogue_num%22%3A%22seasoning05%22%7D&trigger_type=taxonomy_seasoning05&filter_sub_category=seasoning"
  },
  {
    "category":"sauce",
    "product_name":"Peanut, melon seeds, five kernel chili sauce 150 g",
    "price":17.69,
    "unit_price":"$0.11\/g",
    "sales_count":null,
    "image_url":"https:\/\/img08.weeecdn.net\/item\/image\/828\/647\/7529898A9FC1BFFA.jpeg!c560x560_q80.auto",
    "source_url":"https:\/\/www.sayweee.com\/en\/category\/seasoning05\/Hot-Sauce?page=1&offset=0&filters=%7B%22catalogue_num%22%3A%22seasoning05%22%7D&trigger_type=taxonomy_seasoning05&filter_sub_category=seasoning"
  },
  {
    "category":"sauce",
    "product_name":"Miao Amei Spicy and Crispy Snack 125 g",
    "price":12.38,
    "unit_price":"$0.09\/g",
    "sales_count":null,
    "image_url":"https:\/\/img08.weeecdn.net\/item\/image\/950\/180\/6434CBC165C31594.webp!c560x560_q80.auto",
    "source_url":"https:\/\/www.sayweee.com\/en\/category\/seasoning05\/Hot-Sauce?page=1&offset=0&filters=%7B%22catalogue_num%22%3A%22seasoning05%22%7D&trigger_type=taxonomy_seasoning05&filter_sub_category=seasoning"
  },
  {
    "category":"sauce",
    "product_name":"A BITE OF PRIME Pickled Mustard Tuber Hot Pepper Sauce 300 g",
    "price":15.99,
    "unit_price":"$0.05\/g",
    "sales_count":null,
    "image_url":"https:\/\/img08.weeecdn.net\/item\/image\/642\/511\/275E83DD28A9835A.jpeg!c560x560_q80.auto",
    "source_url":"https:\/\/www.sayweee.com\/en\/category\/seasoning05\/Hot-Sauce?page=1&offset=0&filters=%7B%22catalogue_num%22%3A%22seasoning05%22%7D&trigger_type=taxonomy_seasoning05&filter_sub_category=seasoning"
  },
  {
    "category":"sauce",
    "product_name":"Chef Chens' Famous Chili Crisp 6 oz",
    "price":15.95,
    "unit_price":"$2.65\/oz",
    "sales_count":null,
    "image_url":"https:\/\/img08.weeecdn.net\/item\/image\/895\/688\/2EDF69809AE60B95.jpeg!c560x560_q80.auto",
    "source_url":"https:\/\/www.sayweee.com\/en\/category\/seasoning05\/Hot-Sauce?page=1&offset=0&filters=%7B%22catalogue_num%22%3A%22seasoning05%22%7D&trigger_type=taxonomy_seasoning05&filter_sub_category=seasoning"
  },
  {
    "category":"sauce",
    "product_name":"Taiwan Din Tai Fung Chili Oil 160 g",
    "price":20.25,
    "unit_price":"$0.12\/g",
    "sales_count":null,
    "image_url":"https:\/\/img08.weeecdn.net\/item\/image\/381\/414\/201AF7CF80FE16E.jpeg!c560x560_q80.auto",
    "source_url":"https:\/\/www.sayweee.com\/en\/category\/seasoning05\/Hot-Sauce?page=1&offset=0&filters=%7B%22catalogue_num%22%3A%22seasoning05%22%7D&trigger_type=taxonomy_seasoning05&filter_sub_category=seasoning"
  },
  {
    "category":"sauce",
    "product_name":"Taiwan Din Tai Fung Chili Sauce 170 ml",
    "price":23.85,
    "unit_price":"$0.14\/ml",
    "sales_count":null,
    "image_url":"https:\/\/img08.weeecdn.net\/item\/image\/055\/845\/3FF89EBB8457C0F3.jpeg!c560x560_q80.auto",
    "source_url":"https:\/\/www.sayweee.com\/en\/category\/seasoning05\/Hot-Sauce?page=1&offset=0&filters=%7B%22catalogue_num%22%3A%22seasoning05%22%7D&trigger_type=taxonomy_seasoning05&filter_sub_category=seasoning"
  },
  {
    "category":"sauce",
    "product_name":"FU CHUNG Garlic and Chill Sauce 180 g",
    "price":12.99,
    "unit_price":"$0.07\/g",
    "sales_count":null,
    "image_url":"https:\/\/img08.weeecdn.net\/item\/image\/416\/549\/178B8F9E9E01B5DF.jpeg!c560x560_q80.auto",
    "source_url":"https:\/\/www.sayweee.com\/en\/category\/seasoning05\/Hot-Sauce?page=1&offset=0&filters=%7B%22catalogue_num%22%3A%22seasoning05%22%7D&trigger_type=taxonomy_seasoning05&filter_sub_category=seasoning"
  },
  {
    "category":"sauce",
    "product_name":"Haidilao Hot Pot Tomato Soup Base 200 g",
    "price":3.99,
    "unit_price":"$0.56\/oz",
    "sales_count":1.0,
    "image_url":"https:\/\/img08.weeecdn.net\/product\/image\/090\/749\/325786031AEB116.png!c560x560_q80.auto",
    "source_url":"https:\/\/www.sayweee.com\/en\/category\/seasoning07\/Soup-Base?page=1&offset=0&filters=%7B%22catalogue_num%22%3A%22seasoning07%22%7D&trigger_type=taxonomy_seasoning07&filter_sub_category=seasoning"
  },
  {
    "category":"sauce",
    "product_name":"Haidilao Hot Pot Broth Soup Base 110 g",
    "price":4.49,
    "unit_price":"$1.15\/oz",
    "sales_count":1.0,
    "image_url":"https:\/\/img08.weeecdn.net\/product\/image\/597\/269\/6080D69D43D1ED75.png!c560x560_q80.auto",
    "source_url":"https:\/\/www.sayweee.com\/en\/category\/seasoning07\/Soup-Base?page=1&offset=0&filters=%7B%22catalogue_num%22%3A%22seasoning07%22%7D&trigger_type=taxonomy_seasoning07&filter_sub_category=seasoning"
  },
  {
    "category":"sauce",
    "product_name":"Haidilao Hot Pot Seasoning Soup Base, Spicy Flavor 220 g",
    "price":4.49,
    "unit_price":"$0.57\/oz",
    "sales_count":800.0,
    "image_url":"https:\/\/img08.weeecdn.net\/product\/image\/025\/077\/7421756D9D9D671A.png!c560x560_q80.auto",
    "source_url":"https:\/\/www.sayweee.com\/en\/category\/seasoning07\/Soup-Base?page=1&offset=0&filters=%7B%22catalogue_num%22%3A%22seasoning07%22%7D&trigger_type=taxonomy_seasoning07&filter_sub_category=seasoning"
  },
  {
    "category":"sauce",
    "product_name":"JDZW Mushroom Flavor Soup Base 100 g",
    "price":4.99,
    "unit_price":"$1.41\/oz",
    "sales_count":50.0,
    "image_url":"https:\/\/img08.weeecdn.net\/product\/image\/878\/677\/48AEF795924FC3D5.png!c560x560_q80.auto",
    "source_url":"https:\/\/www.sayweee.com\/en\/category\/seasoning07\/Soup-Base?page=1&offset=0&filters=%7B%22catalogue_num%22%3A%22seasoning07%22%7D&trigger_type=taxonomy_seasoning07&filter_sub_category=seasoning"
  },
  {
    "category":"sauce",
    "product_name":"Knorr Tamarind Soup Mix 1.4 oz",
    "price":0.99,
    "unit_price":"$0.70\/oz",
    "sales_count":1.0,
    "image_url":"https:\/\/img08.weeecdn.net\/product\/image\/675\/656\/7243179BA0F64542.png!c560x560_q80.auto",
    "source_url":"https:\/\/www.sayweee.com\/en\/category\/seasoning07\/Soup-Base?page=1&offset=0&filters=%7B%22catalogue_num%22%3A%22seasoning07%22%7D&trigger_type=taxonomy_seasoning07&filter_sub_category=seasoning"
  },
  {
    "category":"sauce",
    "product_name":"Haidilao Beef Tallow Hot Pot Sauce 150 g",
    "price":4.49,
    "unit_price":"$0.84\/oz",
    "sales_count":1.0,
    "image_url":"https:\/\/img08.weeecdn.net\/product\/image\/287\/772\/40EDF26B50F8E774.png!c560x560_q80.auto",
    "source_url":"https:\/\/www.sayweee.com\/en\/category\/seasoning07\/Soup-Base?page=1&offset=0&filters=%7B%22catalogue_num%22%3A%22seasoning07%22%7D&trigger_type=taxonomy_seasoning07&filter_sub_category=seasoning"
  },
  {
    "category":"sauce",
    "product_name":"Haidilao Spicy Hot Pot Soup Base 4pc 360 g",
    "price":5.49,
    "unit_price":"$0.43\/oz",
    "sales_count":1.0,
    "image_url":"https:\/\/img08.weeecdn.net\/product\/image\/865\/960\/2FC7E3FC100ABF93.png!c560x560_q80.auto",
    "source_url":"https:\/\/www.sayweee.com\/en\/category\/seasoning07\/Soup-Base?page=1&offset=0&filters=%7B%22catalogue_num%22%3A%22seasoning07%22%7D&trigger_type=taxonomy_seasoning07&filter_sub_category=seasoning"
  },
  {
    "category":"sauce",
    "product_name":"Little Sheep Hot Pot Plain Soup Base 130 g",
    "price":6.99,
    "unit_price":"$1.52\/oz",
    "sales_count":1.0,
    "image_url":"https:\/\/img08.weeecdn.net\/product\/image\/985\/200\/50B434FC3ECAE6E1.jpeg!c560x560_q80.auto",
    "source_url":"https:\/\/www.sayweee.com\/en\/category\/seasoning07\/Soup-Base?page=1&offset=0&filters=%7B%22catalogue_num%22%3A%22seasoning07%22%7D&trigger_type=taxonomy_seasoning07&filter_sub_category=seasoning"
  },
  {
    "category":"sauce",
    "product_name":"Haidilao Spicy Hot Pot Sauce 220 g",
    "price":3.99,
    "unit_price":"$0.51\/oz",
    "sales_count":400.0,
    "image_url":"https:\/\/img08.weeecdn.net\/product\/image\/365\/051\/5C2295797BF6A626.png!c560x560_q80.auto",
    "source_url":"https:\/\/www.sayweee.com\/en\/category\/seasoning07\/Soup-Base?page=1&offset=0&filters=%7B%22catalogue_num%22%3A%22seasoning07%22%7D&trigger_type=taxonomy_seasoning07&filter_sub_category=seasoning"
  },
  {
    "category":"sauce",
    "product_name":"Quoc Viet Beef Flavored Pho Soup Base 10 oz",
    "price":7.99,
    "unit_price":"$0.79\/oz",
    "sales_count":800.0,
    "image_url":"https:\/\/img08.weeecdn.net\/product\/image\/346\/632\/5CC9B28BD39B3606.png!c560x560_q80.auto",
    "source_url":"https:\/\/www.sayweee.com\/en\/category\/seasoning07\/Soup-Base?page=1&offset=0&filters=%7B%22catalogue_num%22%3A%22seasoning07%22%7D&trigger_type=taxonomy_seasoning07&filter_sub_category=seasoning"
  },
  {
    "category":"sauce",
    "product_name":"Little Sheep Hot Pot Soup Base, Hot Flavor 235 g",
    "price":6.99,
    "unit_price":"$0.84\/oz",
    "sales_count":500.0,
    "image_url":"https:\/\/img08.weeecdn.net\/product\/image\/797\/895\/6B46496B0A70D16F.jpeg!c560x560_q80.auto",
    "source_url":"https:\/\/www.sayweee.com\/en\/category\/seasoning07\/Soup-Base?page=1&offset=0&filters=%7B%22catalogue_num%22%3A%22seasoning07%22%7D&trigger_type=taxonomy_seasoning07&filter_sub_category=seasoning"
  },
  {
    "category":"sauce",
    "product_name":"Kikkoman® HonTsuyu Soup Base 33 fl.oz 1000 ml",
    "price":9.99,
    "unit_price":"$0.29\/fl.oz",
    "sales_count":700.0,
    "image_url":"https:\/\/img08.weeecdn.net\/product\/image\/948\/662\/1701EE4578A4AE79.png!c560x560_q80.auto",
    "source_url":"https:\/\/www.sayweee.com\/en\/category\/seasoning07\/Soup-Base?page=1&offset=0&filters=%7B%22catalogue_num%22%3A%22seasoning07%22%7D&trigger_type=taxonomy_seasoning07&filter_sub_category=seasoning"
  },
  {
    "category":"sauce",
    "product_name":"Lee Kum Kee Soup Base For Pork Bone Hot Pot 7 oz",
    "price":3.09,
    "unit_price":"$0.44\/oz",
    "sales_count":1.0,
    "image_url":"https:\/\/img08.weeecdn.net\/product\/image\/067\/942\/5D9E00E59A7DF946.png!c560x560_q80.auto",
    "source_url":"https:\/\/www.sayweee.com\/en\/category\/seasoning07\/Soup-Base?page=1&offset=0&filters=%7B%22catalogue_num%22%3A%22seasoning07%22%7D&trigger_type=taxonomy_seasoning07&filter_sub_category=seasoning"
  },
  {
    "category":"sauce",
    "product_name":"HRJ Spicy Hot Pot Soup Base 360 g",
    "price":5.99,
    "unit_price":"$0.47\/oz",
    "sales_count":800.0,
    "image_url":"https:\/\/img08.weeecdn.net\/product\/image\/637\/444\/6C20B5F2F4D36BC2.png!c560x560_q80.auto",
    "source_url":"https:\/\/www.sayweee.com\/en\/category\/seasoning07\/Soup-Base?page=1&offset=0&filters=%7B%22catalogue_num%22%3A%22seasoning07%22%7D&trigger_type=taxonomy_seasoning07&filter_sub_category=seasoning"
  },
  {
    "category":"sauce",
    "product_name":"Kikkoman® HonTsuyu Soup Base 17 fl.oz 500 ml",
    "price":7.99,
    "unit_price":"$0.47\/fl.oz",
    "sales_count":null,
    "image_url":"https:\/\/img08.weeecdn.net\/product\/image\/286\/449\/369F1AFE37E4EFD8.png!c560x560_q80.auto",
    "source_url":"https:\/\/www.sayweee.com\/en\/category\/seasoning07\/Soup-Base?page=1&offset=0&filters=%7B%22catalogue_num%22%3A%22seasoning07%22%7D&trigger_type=taxonomy_seasoning07&filter_sub_category=seasoning"
  },
  {
    "category":"sauce",
    "product_name":"Mama Sita's Sinigang Sa Sampalok (Tamarind) Soup Mix 1.76 oz",
    "price":2.29,
    "unit_price":"$1.30\/oz",
    "sales_count":400.0,
    "image_url":"https:\/\/img08.weeecdn.net\/item\/image\/760\/136\/3B57A55AA681D48D.jpg!c560x560_q80.auto",
    "source_url":"https:\/\/www.sayweee.com\/en\/category\/seasoning07\/Soup-Base?page=1&offset=0&filters=%7B%22catalogue_num%22%3A%22seasoning07%22%7D&trigger_type=taxonomy_seasoning07&filter_sub_category=seasoning"
  },
  {
    "category":"sauce",
    "product_name":"Kikkoman® Shiro Dashi Soup Base 17 fl.oz 17 fl.oz",
    "price":7.99,
    "unit_price":"$0.47\/fl.oz",
    "sales_count":null,
    "image_url":"https:\/\/img08.weeecdn.net\/product\/image\/906\/331\/28524DE9847C7B.png!c560x560_q80.auto",
    "source_url":"https:\/\/www.sayweee.com\/en\/category\/seasoning07\/Soup-Base?page=1&offset=0&filters=%7B%22catalogue_num%22%3A%22seasoning07%22%7D&trigger_type=taxonomy_seasoning07&filter_sub_category=seasoning"
  },
  {
    "category":"sauce",
    "product_name":"Yamaki Kappo Shiro Dashi 500 ml",
    "price":6.79,
    "unit_price":"$0.40\/fl.oz",
    "sales_count":600.0,
    "image_url":"https:\/\/img08.weeecdn.net\/product\/image\/627\/786\/1A7869593667C06C.png!c560x560_q80.auto",
    "source_url":"https:\/\/www.sayweee.com\/en\/category\/seasoning07\/Soup-Base?page=1&offset=0&filters=%7B%22catalogue_num%22%3A%22seasoning07%22%7D&trigger_type=taxonomy_seasoning07&filter_sub_category=seasoning"
  },
  {
    "category":"sauce",
    "product_name":"Daisho Sukiyaki Sauce (Soup Base) 600 ml",
    "price":6.49,
    "unit_price":"$0.32\/fl.oz",
    "sales_count":600.0,
    "image_url":"https:\/\/img08.weeecdn.net\/product\/image\/475\/952\/6D1EC96A8C2FADAF.png!c560x560_q80.auto",
    "source_url":"https:\/\/www.sayweee.com\/en\/category\/seasoning07\/Soup-Base?page=1&offset=0&filters=%7B%22catalogue_num%22%3A%22seasoning07%22%7D&trigger_type=taxonomy_seasoning07&filter_sub_category=seasoning"
  },
  {
    "category":"sauce",
    "product_name":"HDL TOM YUM HOT POT SOUP BASE 200 g",
    "price":4.49,
    "unit_price":"$0.63\/oz",
    "sales_count":100.0,
    "image_url":"https:\/\/img08.weeecdn.net\/product\/image\/286\/080\/46F2D5C7C5758DC2.jpeg!c560x560_q80.auto",
    "source_url":"https:\/\/www.sayweee.com\/en\/category\/seasoning07\/Soup-Base?page=1&offset=0&filters=%7B%22catalogue_num%22%3A%22seasoning07%22%7D&trigger_type=taxonomy_seasoning07&filter_sub_category=seasoning"
  },
  {
    "category":"sauce",
    "product_name":"Bear Coming New Orleans Marinade, Mild Spicy Flavor 140 g",
    "price":3.29,
    "unit_price":"$0.66\/oz",
    "sales_count":400.0,
    "image_url":"https:\/\/img08.weeecdn.net\/product\/image\/704\/069\/447BECE1F2542E79.png!c560x560_q80.auto",
    "source_url":"https:\/\/www.sayweee.com\/en\/category\/seasoning07\/Soup-Base?page=1&offset=0&filters=%7B%22catalogue_num%22%3A%22seasoning07%22%7D&trigger_type=taxonomy_seasoning07&filter_sub_category=seasoning"
  },
  {
    "category":"sauce",
    "product_name":"CJ Foods Dasida Gold Stock, Beef Flavor 8.8 oz",
    "price":7.49,
    "unit_price":"$0.85\/oz",
    "sales_count":null,
    "image_url":"https:\/\/img08.weeecdn.net\/item\/image\/321\/526\/72B7E10DEFC9DDBC.jpg!c560x560_q80.auto",
    "source_url":"https:\/\/www.sayweee.com\/en\/category\/seasoning07\/Soup-Base?page=1&offset=0&filters=%7B%22catalogue_num%22%3A%22seasoning07%22%7D&trigger_type=taxonomy_seasoning07&filter_sub_category=seasoning"
  },
  {
    "category":"sauce",
    "product_name":"Lee Kum Kee Soup Base For Tom Yum Hot Pot 7 oz",
    "price":4.49,
    "unit_price":"$0.64\/oz",
    "sales_count":200.0,
    "image_url":"https:\/\/img08.weeecdn.net\/product\/image\/201\/447\/51DAAFD4B6829D1C.png!c560x560_q80.auto",
    "source_url":"https:\/\/www.sayweee.com\/en\/category\/seasoning07\/Soup-Base?page=1&offset=0&filters=%7B%22catalogue_num%22%3A%22seasoning07%22%7D&trigger_type=taxonomy_seasoning07&filter_sub_category=seasoning"
  },
  {
    "category":"sauce",
    "product_name":"Shirakiku Sanukiya Udon Soup Base 10.14 fl.oz",
    "price":4.49,
    "unit_price":"$0.44\/fl.oz",
    "sales_count":200.0,
    "image_url":"https:\/\/img08.weeecdn.net\/product\/image\/134\/112\/36706B36A7995537.png!c560x560_q80.auto",
    "source_url":"https:\/\/www.sayweee.com\/en\/category\/seasoning07\/Soup-Base?page=1&offset=0&filters=%7B%22catalogue_num%22%3A%22seasoning07%22%7D&trigger_type=taxonomy_seasoning07&filter_sub_category=seasoning"
  },
  {
    "category":"sauce",
    "product_name":"S&B Oden Soup Base 2.8 oz",
    "price":3.79,
    "unit_price":"$1.35\/oz",
    "sales_count":300.0,
    "image_url":"https:\/\/img08.weeecdn.net\/item\/image\/465\/809\/5D13D850AED536BB.png!c560x560_q80.auto",
    "source_url":"https:\/\/www.sayweee.com\/en\/category\/seasoning07\/Soup-Base?page=1&offset=0&filters=%7B%22catalogue_num%22%3A%22seasoning07%22%7D&trigger_type=taxonomy_seasoning07&filter_sub_category=seasoning"
  },
  {
    "category":"sauce",
    "product_name":"Quoc Viet Soup Base, Hue Style Beef Flavor 10 oz",
    "price":7.79,
    "unit_price":"$0.77\/oz",
    "sales_count":200.0,
    "image_url":"https:\/\/img08.weeecdn.net\/item\/image\/269\/936\/3126D45B6F3E15D2.jpg!c560x560_q80.auto",
    "source_url":"https:\/\/www.sayweee.com\/en\/category\/seasoning07\/Soup-Base?page=1&offset=0&filters=%7B%22catalogue_num%22%3A%22seasoning07%22%7D&trigger_type=taxonomy_seasoning07&filter_sub_category=seasoning"
  },
  {
    "category":"sauce",
    "product_name":"Jayone Solid Beef Bone Broth 30 Tablets 120 g",
    "price":13.49,
    "unit_price":"$3.18\/oz",
    "sales_count":200.0,
    "image_url":"https:\/\/img08.weeecdn.net\/product\/image\/626\/546\/3DA3B56E4FED3583.png!c560x560_q80.auto",
    "source_url":"https:\/\/www.sayweee.com\/en\/category\/seasoning07\/Soup-Base?page=1&offset=0&filters=%7B%22catalogue_num%22%3A%22seasoning07%22%7D&trigger_type=taxonomy_seasoning07&filter_sub_category=seasoning"
  },
  {
    "category":"sauce",
    "product_name":"Quoc Viet Chicken Pho Soup Base, Pho Ga 10 oz",
    "price":9.99,
    "unit_price":"$0.99\/oz",
    "sales_count":100.0,
    "image_url":"https:\/\/img08.weeecdn.net\/item\/image\/012\/343\/2BA72AEA095F4EAA.jpg!c560x560_q80.auto",
    "source_url":"https:\/\/www.sayweee.com\/en\/category\/seasoning07\/Soup-Base?page=1&offset=0&filters=%7B%22catalogue_num%22%3A%22seasoning07%22%7D&trigger_type=taxonomy_seasoning07&filter_sub_category=seasoning"
  },
  {
    "category":"sauce",
    "product_name":"Daisho Sukiyaki Soup Base 750 g",
    "price":4.99,
    "unit_price":"$0.18\/oz",
    "sales_count":200.0,
    "image_url":"https:\/\/img08.weeecdn.net\/product\/image\/861\/071\/2993A1CA466589F4.png!c560x560_q80.auto",
    "source_url":"https:\/\/www.sayweee.com\/en\/category\/seasoning07\/Soup-Base?page=1&offset=0&filters=%7B%22catalogue_num%22%3A%22seasoning07%22%7D&trigger_type=taxonomy_seasoning07&filter_sub_category=seasoning"
  },
  {
    "category":"sauce",
    "product_name":"Otafuku Tonkotsu Ramen Soup Base 7.05 oz",
    "price":5.49,
    "unit_price":"$0.77\/oz",
    "sales_count":50.0,
    "image_url":"https:\/\/img08.weeecdn.net\/product\/image\/731\/841\/618B12EE9090AFC4.png!c560x560_q80.auto",
    "source_url":"https:\/\/www.sayweee.com\/en\/category\/seasoning07\/Soup-Base?page=1&offset=0&filters=%7B%22catalogue_num%22%3A%22seasoning07%22%7D&trigger_type=taxonomy_seasoning07&filter_sub_category=seasoning"
  },
  {
    "category":"sauce",
    "product_name":"HaiDiLao Scallop Soup Hot Pot Seasoning 200 g",
    "price":4.49,
    "unit_price":"$0.63\/oz",
    "sales_count":300.0,
    "image_url":"https:\/\/img08.weeecdn.net\/product\/image\/917\/859\/595F1CCCA35D2E9D.png!c560x560_q80.auto",
    "source_url":"https:\/\/www.sayweee.com\/en\/category\/seasoning07\/Soup-Base?page=1&offset=0&filters=%7B%22catalogue_num%22%3A%22seasoning07%22%7D&trigger_type=taxonomy_seasoning07&filter_sub_category=seasoning"
  },
  {
    "category":"sauce",
    "product_name":"Marutomo Soba Soup Base Straight 360 ml",
    "price":5.49,
    "unit_price":"$0.45\/fl.oz",
    "sales_count":200.0,
    "image_url":"https:\/\/img08.weeecdn.net\/item\/image\/443\/354\/2D3147B38C365C20.jpg!c560x560_q80.auto",
    "source_url":"https:\/\/www.sayweee.com\/en\/category\/seasoning07\/Soup-Base?page=1&offset=0&filters=%7B%22catalogue_num%22%3A%22seasoning07%22%7D&trigger_type=taxonomy_seasoning07&filter_sub_category=seasoning"
  },
  {
    "category":"sauce",
    "product_name":"Haorenjia Mushroom Hot Pot Soup Base 130 g",
    "price":3.59,
    "unit_price":"$0.78\/oz",
    "sales_count":50.0,
    "image_url":"https:\/\/img08.weeecdn.net\/item\/image\/135\/733\/160518BC36678638.jpg!c560x560_q80.auto",
    "source_url":"https:\/\/www.sayweee.com\/en\/category\/seasoning07\/Soup-Base?page=1&offset=0&filters=%7B%22catalogue_num%22%3A%22seasoning07%22%7D&trigger_type=taxonomy_seasoning07&filter_sub_category=seasoning"
  },
  {
    "category":"sauce",
    "product_name":"Little Sheep Hot Pot Soup Base, Spicy Flavor 200 g",
    "price":6.99,
    "unit_price":"$0.99\/oz",
    "sales_count":200.0,
    "image_url":"https:\/\/img08.weeecdn.net\/product\/image\/038\/281\/1FF21EFD54E87EC7.png!c560x560_q80.auto",
    "source_url":"https:\/\/www.sayweee.com\/en\/category\/seasoning07\/Soup-Base?page=1&offset=0&filters=%7B%22catalogue_num%22%3A%22seasoning07%22%7D&trigger_type=taxonomy_seasoning07&filter_sub_category=seasoning"
  },
  {
    "category":"sauce",
    "product_name":"Kuze Fuku & Sons Traditional Umami Dashi 4.23 oz",
    "price":17.99,
    "unit_price":"$4.25\/oz",
    "sales_count":50.0,
    "image_url":"https:\/\/img08.weeecdn.net\/item\/image\/652\/313\/2F5FE29442CF1EC1.jpg!c560x560_q80.auto",
    "source_url":"https:\/\/www.sayweee.com\/en\/category\/seasoning07\/Soup-Base?page=1&offset=0&filters=%7B%22catalogue_num%22%3A%22seasoning07%22%7D&trigger_type=taxonomy_seasoning07&filter_sub_category=seasoning"
  },
  {
    "category":"sauce",
    "product_name":"Shoo Loong Kan Original Sichuan Beef Soup Base 166 g",
    "price":3.29,
    "unit_price":"$0.56\/oz",
    "sales_count":200.0,
    "image_url":"https:\/\/img08.weeecdn.net\/product\/image\/582\/386\/7AA67086B41ADA6B.png!c560x560_q80.auto",
    "source_url":"https:\/\/www.sayweee.com\/en\/category\/seasoning07\/Soup-Base?page=1&offset=0&filters=%7B%22catalogue_num%22%3A%22seasoning07%22%7D&trigger_type=taxonomy_seasoning07&filter_sub_category=seasoning"
  },
  {
    "category":"sauce",
    "product_name":"HRJ Spicy Hot Pot Soup Base Mild 228 g",
    "price":4.79,
    "unit_price":"$0.59\/oz",
    "sales_count":null,
    "image_url":"https:\/\/img08.weeecdn.net\/item\/image\/827\/085\/388192C74E48E6DD.jpg!c560x560_q80.auto",
    "source_url":"https:\/\/www.sayweee.com\/en\/category\/seasoning07\/Soup-Base?page=1&offset=0&filters=%7B%22catalogue_num%22%3A%22seasoning07%22%7D&trigger_type=taxonomy_seasoning07&filter_sub_category=seasoning"
  },
  {
    "category":"sauce",
    "product_name":"Little Sheep Hot Pot Mushroom Soup Base 140 g",
    "price":6.99,
    "unit_price":"$1.41\/oz",
    "sales_count":100.0,
    "image_url":"https:\/\/img08.weeecdn.net\/product\/image\/808\/334\/7A2929DCD5EB9EEF.jpeg!c560x560_q80.auto",
    "source_url":"https:\/\/www.sayweee.com\/en\/category\/seasoning07\/Soup-Base?page=1&offset=0&filters=%7B%22catalogue_num%22%3A%22seasoning07%22%7D&trigger_type=taxonomy_seasoning07&filter_sub_category=seasoning"
  },
  {
    "category":"sauce",
    "product_name":"HDL HAINAN FLAVOR FERMENTED VINEGAR HOT POT BASE 320 g",
    "price":4.49,
    "unit_price":"$0.39\/oz",
    "sales_count":50.0,
    "image_url":"https:\/\/img08.weeecdn.net\/product\/image\/079\/573\/1CBABD7E3534094E.jpeg!c560x560_q80.auto",
    "source_url":"https:\/\/www.sayweee.com\/en\/category\/seasoning07\/Soup-Base?page=1&offset=0&filters=%7B%22catalogue_num%22%3A%22seasoning07%22%7D&trigger_type=taxonomy_seasoning07&filter_sub_category=seasoning"
  },
  {
    "category":"sauce",
    "product_name":"LIUPO Hot Pot Soup Base 1 each",
    "price":7.99,
    "unit_price":"nan",
    "sales_count":200.0,
    "image_url":"https:\/\/img08.weeecdn.net\/product\/image\/823\/259\/26458A0BDAC8F7B.png!c560x560_q80.auto",
    "source_url":"https:\/\/www.sayweee.com\/en\/category\/seasoning07\/Soup-Base?page=1&offset=0&filters=%7B%22catalogue_num%22%3A%22seasoning07%22%7D&trigger_type=taxonomy_seasoning07&filter_sub_category=seasoning"
  },
  {
    "category":"sauce",
    "product_name":"Yumeng Guizgou Style Red Sour Soup 480 g",
    "price":2.99,
    "unit_price":"$0.17\/oz",
    "sales_count":300.0,
    "image_url":"https:\/\/img08.weeecdn.net\/product\/image\/393\/795\/118B736368FBFF0F.png!c560x560_q80.auto",
    "source_url":"https:\/\/www.sayweee.com\/en\/category\/seasoning07\/Soup-Base?page=1&offset=0&filters=%7B%22catalogue_num%22%3A%22seasoning07%22%7D&trigger_type=taxonomy_seasoning07&filter_sub_category=seasoning"
  },
  {
    "category":"sauce",
    "product_name":"Daisho Hotpot Soup Base Chanko Shoyu (Soy Sauce) Flavor 750 g",
    "price":5.49,
    "unit_price":"$0.20\/oz",
    "sales_count":200.0,
    "image_url":"https:\/\/img08.weeecdn.net\/item\/image\/951\/734\/232023BD4086248E.jpg!c560x560_q80.auto",
    "source_url":"https:\/\/www.sayweee.com\/en\/category\/seasoning07\/Soup-Base?page=1&offset=0&filters=%7B%22catalogue_num%22%3A%22seasoning07%22%7D&trigger_type=taxonomy_seasoning07&filter_sub_category=seasoning"
  },
  {
    "category":"sauce",
    "product_name":"HRJ Spicy Hot Pot Soup Base 500 g",
    "price":7.49,
    "unit_price":"$0.42\/oz",
    "sales_count":200.0,
    "image_url":"https:\/\/img08.weeecdn.net\/product\/image\/122\/712\/7F165D552000550E.jpeg!c560x560_q80.auto",
    "source_url":"https:\/\/www.sayweee.com\/en\/category\/seasoning07\/Soup-Base?page=1&offset=0&filters=%7B%22catalogue_num%22%3A%22seasoning07%22%7D&trigger_type=taxonomy_seasoning07&filter_sub_category=seasoning"
  },
  {
    "category":"sauce",
    "product_name":"Marutomo Somen Soup Base Straight 360 ml",
    "price":5.49,
    "unit_price":"$0.45\/fl.oz",
    "sales_count":50.0,
    "image_url":"https:\/\/img08.weeecdn.net\/product\/image\/499\/110\/17F961D832B26625.png!c560x560_q80.auto",
    "source_url":"https:\/\/www.sayweee.com\/en\/category\/seasoning07\/Soup-Base?page=1&offset=0&filters=%7B%22catalogue_num%22%3A%22seasoning07%22%7D&trigger_type=taxonomy_seasoning07&filter_sub_category=seasoning"
  },
  {
    "category":"sauce",
    "product_name":"Cholimex Beef Noodle Sauce 180 g",
    "price":3.29,
    "unit_price":"$0.51\/oz",
    "sales_count":300.0,
    "image_url":"https:\/\/img08.weeecdn.net\/product\/image\/207\/152\/5055FAFB43E42044.png!c560x560_q80.auto",
    "source_url":"https:\/\/www.sayweee.com\/en\/category\/seasoning07\/Soup-Base?page=1&offset=0&filters=%7B%22catalogue_num%22%3A%22seasoning07%22%7D&trigger_type=taxonomy_seasoning07&filter_sub_category=seasoning"
  },
  {
    "category":"sauce",
    "product_name":"Sichuan Style Hot & Spicy Soup Base (Malatang) - Lee Kum Kee 7 oz",
    "price":4.29,
    "unit_price":"$0.61\/oz",
    "sales_count":50.0,
    "image_url":"https:\/\/img08.weeecdn.net\/item\/image\/679\/140\/782BA972D5D2BC72.jpg!c560x560_q80.auto",
    "source_url":"https:\/\/www.sayweee.com\/en\/category\/seasoning07\/Soup-Base?page=1&offset=0&filters=%7B%22catalogue_num%22%3A%22seasoning07%22%7D&trigger_type=taxonomy_seasoning07&filter_sub_category=seasoning"
  },
  {
    "category":"sauce",
    "product_name":"Ebara Sukiyaki Sauce 240 ml",
    "price":5.49,
    "unit_price":"$0.67\/fl.oz",
    "sales_count":50.0,
    "image_url":"https:\/\/img08.weeecdn.net\/product\/image\/870\/133\/66558CAFC50947C4.png!c560x560_q80.auto",
    "source_url":"https:\/\/www.sayweee.com\/en\/category\/seasoning07\/Soup-Base?page=1&offset=0&filters=%7B%22catalogue_num%22%3A%22seasoning07%22%7D&trigger_type=taxonomy_seasoning07&filter_sub_category=seasoning"
  },
  {
    "category":"sauce",
    "product_name":"Daisho Hotpot Soup Base Torinanban (Chicken Dashi & Soy Sauce Flavor) 750 g",
    "price":5.49,
    "unit_price":"$0.20\/oz",
    "sales_count":100.0,
    "image_url":"https:\/\/img08.weeecdn.net\/product\/image\/732\/526\/51845315AD55531F.png!c560x560_q80.auto",
    "source_url":"https:\/\/www.sayweee.com\/en\/category\/seasoning07\/Soup-Base?page=1&offset=0&filters=%7B%22catalogue_num%22%3A%22seasoning07%22%7D&trigger_type=taxonomy_seasoning07&filter_sub_category=seasoning"
  },
  {
    "category":"sauce",
    "product_name":"Mama Sita's Sinigang sa Sampalok (Tamarind) Hot Soup Mix 1.76 oz",
    "price":2.29,
    "unit_price":"$1.30\/oz",
    "sales_count":50.0,
    "image_url":"https:\/\/img08.weeecdn.net\/item\/image\/791\/267\/348796C9F81645AB.png!c560x560_q80.auto",
    "source_url":"https:\/\/www.sayweee.com\/en\/category\/seasoning07\/Soup-Base?page=1&offset=0&filters=%7B%22catalogue_num%22%3A%22seasoning07%22%7D&trigger_type=taxonomy_seasoning07&filter_sub_category=seasoning"
  },
  {
    "category":"sauce",
    "product_name":"Dragonfly Sinigang Sampalok Tamarind Soup Mix 1.4 oz",
    "price":0.79,
    "unit_price":"$0.56\/oz",
    "sales_count":200.0,
    "image_url":"https:\/\/img08.weeecdn.net\/item\/image\/623\/433\/768B7DC66B2DB5BB.jpg!c560x560_q80.auto",
    "source_url":"https:\/\/www.sayweee.com\/en\/category\/seasoning07\/Soup-Base?page=1&offset=0&filters=%7B%22catalogue_num%22%3A%22seasoning07%22%7D&trigger_type=taxonomy_seasoning07&filter_sub_category=seasoning"
  },
  {
    "category":"sauce",
    "product_name":"Mizkan Udon & Soba Broth Concentrate 354 ml",
    "price":11.49,
    "unit_price":"$0.95\/fl.oz",
    "sales_count":50.0,
    "image_url":"https:\/\/img08.weeecdn.net\/product\/image\/650\/749\/3327177072FB27D8.png!c560x560_q80.auto",
    "source_url":"https:\/\/www.sayweee.com\/en\/category\/seasoning07\/Soup-Base?page=1&offset=0&filters=%7B%22catalogue_num%22%3A%22seasoning07%22%7D&trigger_type=taxonomy_seasoning07&filter_sub_category=seasoning"
  },
  {
    "category":"sauce",
    "product_name":"Daisho Hotpot Soup Base Kimchi Flavor 750 g",
    "price":5.49,
    "unit_price":"$0.20\/oz",
    "sales_count":100.0,
    "image_url":"https:\/\/img08.weeecdn.net\/product\/image\/608\/595\/31C33F2223BCC2F2.png!c560x560_q80.auto",
    "source_url":"https:\/\/www.sayweee.com\/en\/category\/seasoning07\/Soup-Base?page=1&offset=0&filters=%7B%22catalogue_num%22%3A%22seasoning07%22%7D&trigger_type=taxonomy_seasoning07&filter_sub_category=seasoning"
  },
  {
    "category":"sauce",
    "product_name":"HDL SPICY & SOUP HOT POT SOUP BASE 240 g",
    "price":4.49,
    "unit_price":"$0.53\/oz",
    "sales_count":100.0,
    "image_url":"https:\/\/img08.weeecdn.net\/product\/image\/006\/168\/4E8829CF7A226972.jpeg!c560x560_q80.auto",
    "source_url":"https:\/\/www.sayweee.com\/en\/category\/seasoning07\/Soup-Base?page=1&offset=0&filters=%7B%22catalogue_num%22%3A%22seasoning07%22%7D&trigger_type=taxonomy_seasoning07&filter_sub_category=seasoning"
  },
  {
    "category":"sauce",
    "product_name":"Lee Kum Kee Soup Base for Satay Hot Pot 7 oz",
    "price":4.49,
    "unit_price":"$0.64\/oz",
    "sales_count":100.0,
    "image_url":"https:\/\/img08.weeecdn.net\/item\/image\/281\/797\/B3E195B83C9A67B.jpg!c560x560_q80.auto",
    "source_url":"https:\/\/www.sayweee.com\/en\/category\/seasoning07\/Soup-Base?page=1&offset=0&filters=%7B%22catalogue_num%22%3A%22seasoning07%22%7D&trigger_type=taxonomy_seasoning07&filter_sub_category=seasoning"
  },
  {
    "category":"sauce",
    "product_name":"Taste Masters Japanese Oden Seasoning 45 g",
    "price":2.49,
    "unit_price":"$1.56\/oz",
    "sales_count":50.0,
    "image_url":"https:\/\/img08.weeecdn.net\/product\/image\/253\/878\/3D6D29AF5F618A09.png!c560x560_q80.auto",
    "source_url":"https:\/\/www.sayweee.com\/en\/category\/seasoning07\/Soup-Base?page=1&offset=0&filters=%7B%22catalogue_num%22%3A%22seasoning07%22%7D&trigger_type=taxonomy_seasoning07&filter_sub_category=seasoning"
  },
  {
    "category":"sauce",
    "product_name":"Somi Tsuyu Soup Base 500 ml",
    "price":6.99,
    "unit_price":"$0.41\/fl.oz",
    "sales_count":200.0,
    "image_url":"https:\/\/img08.weeecdn.net\/product\/image\/701\/283\/79798A1B1BFB6BED.png!c560x560_q80.auto",
    "source_url":"https:\/\/www.sayweee.com\/en\/category\/seasoning07\/Soup-Base?page=1&offset=0&filters=%7B%22catalogue_num%22%3A%22seasoning07%22%7D&trigger_type=taxonomy_seasoning07&filter_sub_category=seasoning"
  },
  {
    "category":"sauce",
    "product_name":"Daisho Premium Hotpot Soup Base Crab Dashi with Miso Flavor 750 g",
    "price":6.79,
    "unit_price":"$0.25\/oz",
    "sales_count":50.0,
    "image_url":"https:\/\/img08.weeecdn.net\/product\/image\/155\/455\/65DF90DCEACC0304.png!c560x560_q80.auto",
    "source_url":"https:\/\/www.sayweee.com\/en\/category\/seasoning07\/Soup-Base?page=1&offset=0&filters=%7B%22catalogue_num%22%3A%22seasoning07%22%7D&trigger_type=taxonomy_seasoning07&filter_sub_category=seasoning"
  },
  {
    "category":"sauce",
    "product_name":"Mama Sita's Sinigang sa Bayabas (Guava) Soup Base Mix 1.4 oz",
    "price":1.99,
    "unit_price":"$1.42\/oz",
    "sales_count":50.0,
    "image_url":"https:\/\/img08.weeecdn.net\/item\/image\/844\/694\/6FE30384CA3D2A.png!c560x560_q80.auto",
    "source_url":"https:\/\/www.sayweee.com\/en\/category\/seasoning07\/Soup-Base?page=1&offset=0&filters=%7B%22catalogue_num%22%3A%22seasoning07%22%7D&trigger_type=taxonomy_seasoning07&filter_sub_category=seasoning"
  },
  {
    "category":"sauce",
    "product_name":"Daisho Hotpot Soup Base (Mala) Hot and Spicy Flavor 750 g",
    "price":5.49,
    "unit_price":"$0.20\/oz",
    "sales_count":50.0,
    "image_url":"https:\/\/img08.weeecdn.net\/item\/image\/776\/839\/31D5E43FACC6D0A1.jpg!c560x560_q80.auto",
    "source_url":"https:\/\/www.sayweee.com\/en\/category\/seasoning07\/Soup-Base?page=1&offset=0&filters=%7B%22catalogue_num%22%3A%22seasoning07%22%7D&trigger_type=taxonomy_seasoning07&filter_sub_category=seasoning"
  },
  {
    "category":"sauce",
    "product_name":"Goya Sazón Seasoning With Azafrán 1.41 oz",
    "price":1.79,
    "unit_price":"$1.26\/oz",
    "sales_count":null,
    "image_url":"https:\/\/img08.weeecdn.net\/product\/image\/899\/178\/3DD42993FDA5286.png!c560x560_q80.auto",
    "source_url":"https:\/\/www.sayweee.com\/en\/category\/seasoning07\/Soup-Base?page=1&offset=0&filters=%7B%22catalogue_num%22%3A%22seasoning07%22%7D&trigger_type=taxonomy_seasoning07&filter_sub_category=seasoning"
  },
  {
    "category":"sauce",
    "product_name":"Pacific Foods Organic Chicken Broth 32 oz",
    "price":6.99,
    "unit_price":"$0.21\/oz",
    "sales_count":100.0,
    "image_url":"https:\/\/img08.weeecdn.net\/product\/image\/693\/444\/2949BF41A51E3C23.png!c560x560_q80.auto",
    "source_url":"https:\/\/www.sayweee.com\/en\/category\/seasoning07\/Soup-Base?page=1&offset=0&filters=%7B%22catalogue_num%22%3A%22seasoning07%22%7D&trigger_type=taxonomy_seasoning07&filter_sub_category=seasoning"
  },
  {
    "category":"sauce",
    "product_name":"Ajinomoto Consomme Chicken Buillon 60 g",
    "price":4.99,
    "unit_price":"$2.35\/oz",
    "sales_count":300.0,
    "image_url":"https:\/\/img08.weeecdn.net\/product\/image\/939\/115\/41492C59B7862AE2.png!c560x560_q80.auto",
    "source_url":"https:\/\/www.sayweee.com\/en\/category\/seasoning07\/Soup-Base?page=1&offset=0&filters=%7B%22catalogue_num%22%3A%22seasoning07%22%7D&trigger_type=taxonomy_seasoning07&filter_sub_category=seasoning"
  },
  {
    "category":"sauce",
    "product_name":"Ninben Concentrated Tsuyu Soup Base 33.8 fl.oz",
    "price":9.99,
    "unit_price":"$0.29\/fl.oz",
    "sales_count":50.0,
    "image_url":"https:\/\/img08.weeecdn.net\/product\/image\/454\/510\/60BC3272D2BAC03D.png!c560x560_q80.auto",
    "source_url":"https:\/\/www.sayweee.com\/en\/category\/seasoning07\/Soup-Base?page=1&offset=0&filters=%7B%22catalogue_num%22%3A%22seasoning07%22%7D&trigger_type=taxonomy_seasoning07&filter_sub_category=seasoning"
  },
  {
    "category":"sauce",
    "product_name":"O'Food Sundubu Jjigae Sauce 140 g",
    "price":4.69,
    "unit_price":"$0.94\/oz",
    "sales_count":null,
    "image_url":"https:\/\/img08.weeecdn.net\/product\/image\/371\/460\/76ACE603149B0286.png!c560x560_q80.auto",
    "source_url":"https:\/\/www.sayweee.com\/en\/category\/seasoning07\/Soup-Base?page=1&offset=0&filters=%7B%22catalogue_num%22%3A%22seasoning07%22%7D&trigger_type=taxonomy_seasoning07&filter_sub_category=seasoning"
  },
  {
    "category":"sauce",
    "product_name":"Liupo Hot Pot Soup Base 580 g",
    "price":7.99,
    "unit_price":"$0.39\/oz",
    "sales_count":200.0,
    "image_url":"https:\/\/img08.weeecdn.net\/product\/image\/359\/100\/2BC65ADD8F725840.png!c560x560_q80.auto",
    "source_url":"https:\/\/www.sayweee.com\/en\/category\/seasoning07\/Soup-Base?page=1&offset=0&filters=%7B%22catalogue_num%22%3A%22seasoning07%22%7D&trigger_type=taxonomy_seasoning07&filter_sub_category=seasoning"
  },
  {
    "category":"sauce",
    "product_name":"Daisho x Ippudo Hotpot Soup Base Tonkotsu Ramen Style 750 g",
    "price":6.79,
    "unit_price":"$0.25\/oz",
    "sales_count":300.0,
    "image_url":"https:\/\/img08.weeecdn.net\/product\/image\/960\/952\/33905593F3BD0D36.png!c560x560_q80.auto",
    "source_url":"https:\/\/www.sayweee.com\/en\/category\/seasoning07\/Soup-Base?page=1&offset=0&filters=%7B%22catalogue_num%22%3A%22seasoning07%22%7D&trigger_type=taxonomy_seasoning07&filter_sub_category=seasoning"
  },
  {
    "category":"sauce",
    "product_name":"Nora Chinese Style Crab & Corn Soup Mix 60 g",
    "price":2.79,
    "unit_price":"$1.31\/oz",
    "sales_count":300.0,
    "image_url":"https:\/\/img08.weeecdn.net\/item\/image\/542\/865\/B435E2DFEEF3C94.jpeg!c560x560_q80.auto",
    "source_url":"https:\/\/www.sayweee.com\/en\/category\/seasoning07\/Soup-Base?page=1&offset=0&filters=%7B%22catalogue_num%22%3A%22seasoning07%22%7D&trigger_type=taxonomy_seasoning07&filter_sub_category=seasoning"
  },
  {
    "category":"sauce",
    "product_name":"Daisho Hotpot Soup Base Chanko Miso Flavor 750 g",
    "price":5.49,
    "unit_price":"$0.20\/oz",
    "sales_count":200.0,
    "image_url":"https:\/\/img08.weeecdn.net\/item\/image\/649\/246\/265CA0EDC5269C2C.jpg!c560x560_q80.auto",
    "source_url":"https:\/\/www.sayweee.com\/en\/category\/seasoning07\/Soup-Base?page=1&offset=0&filters=%7B%22catalogue_num%22%3A%22seasoning07%22%7D&trigger_type=taxonomy_seasoning07&filter_sub_category=seasoning"
  },
  {
    "category":"sauce",
    "product_name":"Quoc Viet Vietnamese Beef Stew Base 10 oz",
    "price":9.99,
    "unit_price":"$0.99\/oz",
    "sales_count":50.0,
    "image_url":"https:\/\/img08.weeecdn.net\/item\/image\/685\/820\/693627825AD394A.jpg!c560x560_q80.auto",
    "source_url":"https:\/\/www.sayweee.com\/en\/category\/seasoning07\/Soup-Base?page=1&offset=0&filters=%7B%22catalogue_num%22%3A%22seasoning07%22%7D&trigger_type=taxonomy_seasoning07&filter_sub_category=seasoning"
  },
  {
    "category":"sauce",
    "product_name":"CJ Super Creamy Korean Beef Soup 100 g",
    "price":8.49,
    "unit_price":"$2.40\/oz",
    "sales_count":null,
    "image_url":"https:\/\/img08.weeecdn.net\/product\/image\/605\/679\/7BA33843EAF982BF.png!c560x560_q80.auto",
    "source_url":"https:\/\/www.sayweee.com\/en\/category\/seasoning07\/Soup-Base?page=1&offset=0&filters=%7B%22catalogue_num%22%3A%22seasoning07%22%7D&trigger_type=taxonomy_seasoning07&filter_sub_category=seasoning"
  },
  {
    "category":"sauce",
    "product_name":"Daisho Hotpot Soup Base Miso & Kimchi Flavor 750 g",
    "price":5.49,
    "unit_price":"$0.20\/oz",
    "sales_count":200.0,
    "image_url":"https:\/\/img08.weeecdn.net\/product\/image\/443\/385\/69D1F983A55C8956.png!c560x560_q80.auto",
    "source_url":"https:\/\/www.sayweee.com\/en\/category\/seasoning07\/Soup-Base?page=1&offset=0&filters=%7B%22catalogue_num%22%3A%22seasoning07%22%7D&trigger_type=taxonomy_seasoning07&filter_sub_category=seasoning"
  },
  {
    "category":"sauce",
    "product_name":"Little Sheep Hot Pot Tomato Soup Base 200 g",
    "price":6.99,
    "unit_price":"$0.99\/oz",
    "sales_count":50.0,
    "image_url":"https:\/\/img08.weeecdn.net\/product\/image\/091\/258\/7C4CCF3A502145EF.jpeg!c560x560_q80.auto",
    "source_url":"https:\/\/www.sayweee.com\/en\/category\/seasoning07\/Soup-Base?page=1&offset=0&filters=%7B%22catalogue_num%22%3A%22seasoning07%22%7D&trigger_type=taxonomy_seasoning07&filter_sub_category=seasoning"
  },
  {
    "category":"sauce",
    "product_name":"Cholimex Thai Hot Pot 280 g",
    "price":3.29,
    "unit_price":"$0.33\/oz",
    "sales_count":500.0,
    "image_url":"https:\/\/img08.weeecdn.net\/item\/image\/960\/235\/5B7DFD8C4AC516EB.png!c560x560_q80.auto",
    "source_url":"https:\/\/www.sayweee.com\/en\/category\/seasoning07\/Soup-Base?page=1&offset=0&filters=%7B%22catalogue_num%22%3A%22seasoning07%22%7D&trigger_type=taxonomy_seasoning07&filter_sub_category=seasoning"
  },
  {
    "category":"sauce",
    "product_name":"Ajinomoto Hotpot Soup base Cube Paitan 7pcs 73 g",
    "price":4.99,
    "unit_price":"$1.93\/oz",
    "sales_count":100.0,
    "image_url":"https:\/\/img08.weeecdn.net\/product\/image\/127\/816\/5CC7300138C7B45B.png!c560x560_q80.auto",
    "source_url":"https:\/\/www.sayweee.com\/en\/category\/seasoning07\/Soup-Base?page=1&offset=0&filters=%7B%22catalogue_num%22%3A%22seasoning07%22%7D&trigger_type=taxonomy_seasoning07&filter_sub_category=seasoning"
  },
  {
    "category":"sauce",
    "product_name":"Lee Kum Kee Soup Base for Fish and Cilantro Hot Pot 1.8 oz",
    "price":1.99,
    "unit_price":"$1.10\/oz",
    "sales_count":50.0,
    "image_url":"https:\/\/img08.weeecdn.net\/item\/image\/069\/901\/457246F8428E7D55.jpg!c560x560_q80.auto",
    "source_url":"https:\/\/www.sayweee.com\/en\/category\/seasoning07\/Soup-Base?page=1&offset=0&filters=%7B%22catalogue_num%22%3A%22seasoning07%22%7D&trigger_type=taxonomy_seasoning07&filter_sub_category=seasoning"
  },
  {
    "category":"sauce",
    "product_name":"Lee Kum Kee Soup Base For Mushroom Hot Pot 7 oz",
    "price":4.49,
    "unit_price":"$0.64\/oz",
    "sales_count":100.0,
    "image_url":"https:\/\/img08.weeecdn.net\/product\/image\/480\/420\/1D6DA95E9200F12F.png!c560x560_q80.auto",
    "source_url":"https:\/\/www.sayweee.com\/en\/category\/seasoning07\/Soup-Base?page=1&offset=0&filters=%7B%22catalogue_num%22%3A%22seasoning07%22%7D&trigger_type=taxonomy_seasoning07&filter_sub_category=seasoning"
  },
  {
    "category":"sauce",
    "product_name":"Lee Kum Kee Soup Base for Seafood Hot Pot 1.8 oz",
    "price":1.99,
    "unit_price":"$1.10\/oz",
    "sales_count":100.0,
    "image_url":"https:\/\/img08.weeecdn.net\/item\/image\/136\/822\/33A12BBFF7CFD110.jpg!c560x560_q80.auto",
    "source_url":"https:\/\/www.sayweee.com\/en\/category\/seasoning07\/Soup-Base?page=1&offset=0&filters=%7B%22catalogue_num%22%3A%22seasoning07%22%7D&trigger_type=taxonomy_seasoning07&filter_sub_category=seasoning"
  },
  {
    "category":"sauce",
    "product_name":"HRJ Spicy Hot Pot Base for Beef & Lamb 220 g",
    "price":4.49,
    "unit_price":"$0.57\/oz",
    "sales_count":null,
    "image_url":"https:\/\/img08.weeecdn.net\/product\/image\/379\/873\/3347F146DE409ADF.png!c560x560_q80.auto",
    "source_url":"https:\/\/www.sayweee.com\/en\/category\/seasoning07\/Soup-Base?page=1&offset=0&filters=%7B%22catalogue_num%22%3A%22seasoning07%22%7D&trigger_type=taxonomy_seasoning07&filter_sub_category=seasoning"
  },
  {
    "category":"sauce",
    "product_name":"Knorr Chicken Flavor Bouillon Jar 7.9 oz",
    "price":3.29,
    "unit_price":"$0.41\/oz",
    "sales_count":null,
    "image_url":"https:\/\/img08.weeecdn.net\/description\/image\/953\/096\/6181681F26FBCD70.png!c560x560_q80.auto",
    "source_url":"https:\/\/www.sayweee.com\/en\/category\/seasoning07\/Soup-Base?page=1&offset=0&filters=%7B%22catalogue_num%22%3A%22seasoning07%22%7D&trigger_type=taxonomy_seasoning07&filter_sub_category=seasoning"
  },
  {
    "category":"sauce",
    "product_name":"Pulmuone Bouillon Tablet Crab & Shrimp 3.1 oz",
    "price":8.99,
    "unit_price":"$2.90\/oz",
    "sales_count":null,
    "image_url":"https:\/\/img08.weeecdn.net\/product\/image\/555\/719\/1CD6198622C98330.png!c560x560_q80.auto",
    "source_url":"https:\/\/www.sayweee.com\/en\/category\/seasoning07\/Soup-Base?page=1&offset=0&filters=%7B%22catalogue_num%22%3A%22seasoning07%22%7D&trigger_type=taxonomy_seasoning07&filter_sub_category=seasoning"
  },
  {
    "category":"sauce",
    "product_name":"Choripdong Cold Noodle Broth, Beef Flavor 5pks 59 oz",
    "price":5.99,
    "unit_price":"$0.10\/oz",
    "sales_count":null,
    "image_url":"https:\/\/img08.weeecdn.net\/product\/image\/040\/863\/1013ED7225A90BAE.png!c560x560_q80.auto",
    "source_url":"https:\/\/www.sayweee.com\/en\/category\/seasoning07\/Soup-Base?page=1&offset=0&filters=%7B%22catalogue_num%22%3A%22seasoning07%22%7D&trigger_type=taxonomy_seasoning07&filter_sub_category=seasoning"
  },
  {
    "category":"sauce",
    "product_name":"Shoo Loong Kan Spicy Sichuan Red Beef Soup Base (Spicy Flavor) 160 g",
    "price":3.29,
    "unit_price":"$0.58\/oz",
    "sales_count":100.0,
    "image_url":"https:\/\/img08.weeecdn.net\/product\/image\/610\/838\/31FD9E025FCD53EE.png!c560x560_q80.auto",
    "source_url":"https:\/\/www.sayweee.com\/en\/category\/seasoning07\/Soup-Base?page=1&offset=0&filters=%7B%22catalogue_num%22%3A%22seasoning07%22%7D&trigger_type=taxonomy_seasoning07&filter_sub_category=seasoning"
  },
  {
    "category":"sauce",
    "product_name":"HRJ Clear Soup Hot Pot Base for Beef & Lamb 220 g",
    "price":4.49,
    "unit_price":"$0.57\/oz",
    "sales_count":null,
    "image_url":"https:\/\/img08.weeecdn.net\/product\/image\/475\/382\/253586B484DF7FC6.png!c560x560_q80.auto",
    "source_url":"https:\/\/www.sayweee.com\/en\/category\/seasoning07\/Soup-Base?page=1&offset=0&filters=%7B%22catalogue_num%22%3A%22seasoning07%22%7D&trigger_type=taxonomy_seasoning07&filter_sub_category=seasoning"
  },
  {
    "category":"sauce",
    "product_name":"Choripdong Cold Noodle Broth, Radish Flavor 5pks 59 oz",
    "price":5.49,
    "unit_price":"$0.09\/oz",
    "sales_count":null,
    "image_url":"https:\/\/img08.weeecdn.net\/product\/image\/433\/974\/176116526C33A013.png!c560x560_q80.auto",
    "source_url":"https:\/\/www.sayweee.com\/en\/category\/seasoning07\/Soup-Base?page=1&offset=0&filters=%7B%22catalogue_num%22%3A%22seasoning07%22%7D&trigger_type=taxonomy_seasoning07&filter_sub_category=seasoning"
  },
  {
    "category":"sauce",
    "product_name":"Nora Nido Oriental Soup Mix 62 g",
    "price":2.79,
    "unit_price":"$1.27\/oz",
    "sales_count":50.0,
    "image_url":"https:\/\/img08.weeecdn.net\/item\/image\/230\/250\/6CBD748A3630D1DA.jpeg!c560x560_q80.auto",
    "source_url":"https:\/\/www.sayweee.com\/en\/category\/seasoning07\/Soup-Base?page=1&offset=0&filters=%7B%22catalogue_num%22%3A%22seasoning07%22%7D&trigger_type=taxonomy_seasoning07&filter_sub_category=seasoning"
  },
  {
    "category":"sauce",
    "product_name":"Ajinomoto Hotpot Soup Base Cube Chicken and Soy Sauce 7pcs 73 g",
    "price":4.99,
    "unit_price":"$1.93\/oz",
    "sales_count":50.0,
    "image_url":"https:\/\/img08.weeecdn.net\/product\/image\/080\/327\/7AED86A387801B13.png!c560x560_q80.auto",
    "source_url":"https:\/\/www.sayweee.com\/en\/category\/seasoning07\/Soup-Base?page=1&offset=0&filters=%7B%22catalogue_num%22%3A%22seasoning07%22%7D&trigger_type=taxonomy_seasoning07&filter_sub_category=seasoning"
  },
  {
    "category":"sauce",
    "product_name":"Sajo Tuna Sauce 900 g",
    "price":10.99,
    "unit_price":"$0.34\/oz",
    "sales_count":200.0,
    "image_url":"https:\/\/img08.weeecdn.net\/product\/image\/712\/756\/59AA3B4DF68DB7CD.png!c560x560_q80.auto",
    "source_url":"https:\/\/www.sayweee.com\/en\/category\/seasoning07\/Soup-Base?page=1&offset=0&filters=%7B%22catalogue_num%22%3A%22seasoning07%22%7D&trigger_type=taxonomy_seasoning07&filter_sub_category=seasoning"
  },
  {
    "category":"sauce",
    "product_name":"Chung Jung One Anchovy and Bonito Spice Mix 250 g",
    "price":13.99,
    "unit_price":"$1.58\/oz",
    "sales_count":null,
    "image_url":"https:\/\/img08.weeecdn.net\/item\/image\/095\/579\/61EC3193C4CAA90A.jpg!c560x560_q80.auto",
    "source_url":"https:\/\/www.sayweee.com\/en\/category\/seasoning07\/Soup-Base?page=1&offset=0&filters=%7B%22catalogue_num%22%3A%22seasoning07%22%7D&trigger_type=taxonomy_seasoning07&filter_sub_category=seasoning"
  },
  {
    "category":"sauce",
    "product_name":"Daisho Premium Hotpot Soup Base Uni (SeaUrchin) Soy Milk Cream Flavor 750 g",
    "price":6.79,
    "unit_price":"$0.25\/oz",
    "sales_count":null,
    "image_url":"https:\/\/img08.weeecdn.net\/product\/image\/578\/770\/527382D6D08DADD1.png!c560x560_q80.auto",
    "source_url":"https:\/\/www.sayweee.com\/en\/category\/seasoning07\/Soup-Base?page=1&offset=0&filters=%7B%22catalogue_num%22%3A%22seasoning07%22%7D&trigger_type=taxonomy_seasoning07&filter_sub_category=seasoning"
  },
  {
    "category":"sauce",
    "product_name":"Red Bean Hotpot Base Guizhou specialty 580g\/box 580 g",
    "price":12.99,
    "unit_price":"nan",
    "sales_count":null,
    "image_url":"https:\/\/img08.weeecdn.net\/item\/image\/665\/778\/57DAE4C11C84621.jpeg!c560x560_q80.auto",
    "source_url":"https:\/\/www.sayweee.com\/en\/category\/seasoning07\/Soup-Base?page=1&offset=0&filters=%7B%22catalogue_num%22%3A%22seasoning07%22%7D&trigger_type=taxonomy_seasoning07&filter_sub_category=seasoning"
  },
  {
    "category":"sauce",
    "product_name":"Xiangpaifang Spicy Hot Pot Soup Base 350 g",
    "price":7.49,
    "unit_price":"$0.60\/oz",
    "sales_count":null,
    "image_url":"https:\/\/img08.weeecdn.net\/product\/image\/789\/416\/148D4E348A143AD1.png!c560x560_q80.auto",
    "source_url":"https:\/\/www.sayweee.com\/en\/category\/seasoning07\/Soup-Base?page=1&offset=0&filters=%7B%22catalogue_num%22%3A%22seasoning07%22%7D&trigger_type=taxonomy_seasoning07&filter_sub_category=seasoning"
  },
  {
    "category":"sauce",
    "product_name":"Japanese Style Soy Milk Hotpot Soup 36g*4 bag\/ 1 each",
    "price":7.99,
    "unit_price":"nan",
    "sales_count":null,
    "image_url":"https:\/\/img08.weeecdn.net\/item\/image\/526\/510\/1C6BE13DCEE0D200.jpeg!c560x560_q80.auto",
    "source_url":"https:\/\/www.sayweee.com\/en\/category\/seasoning07\/Soup-Base?page=1&offset=0&filters=%7B%22catalogue_num%22%3A%22seasoning07%22%7D&trigger_type=taxonomy_seasoning07&filter_sub_category=seasoning"
  },
  {
    "category":"sauce",
    "product_name":"Barona Sauce for Chicken Noodle from Vegetable and Fruit Extract 145 g",
    "price":3.39,
    "unit_price":"$0.66\/oz",
    "sales_count":50.0,
    "image_url":"https:\/\/img08.weeecdn.net\/product\/image\/499\/134\/1054E752FE25DA79.png!c560x560_q80.auto",
    "source_url":"https:\/\/www.sayweee.com\/en\/category\/seasoning07\/Soup-Base?page=1&offset=0&filters=%7B%22catalogue_num%22%3A%22seasoning07%22%7D&trigger_type=taxonomy_seasoning07&filter_sub_category=seasoning"
  },
  {
    "category":"sauce",
    "product_name":"Nora Sinigang Kamias (Bilimbi) Soup Mix 37 g",
    "price":1.79,
    "unit_price":"$1.36\/oz",
    "sales_count":null,
    "image_url":"https:\/\/img08.weeecdn.net\/item\/image\/046\/848\/7D40701C8BA869A6.jpg!c560x560_q80.auto",
    "source_url":"https:\/\/www.sayweee.com\/en\/category\/seasoning07\/Soup-Base?page=1&offset=0&filters=%7B%22catalogue_num%22%3A%22seasoning07%22%7D&trigger_type=taxonomy_seasoning07&filter_sub_category=seasoning"
  },
  {
    "category":"sauce",
    "product_name":"Goya Recaito Cilantro Cooking Base 12 oz",
    "price":3.29,
    "unit_price":"$0.27\/oz",
    "sales_count":null,
    "image_url":"https:\/\/img08.weeecdn.net\/product\/image\/999\/347\/1126C783B6844EB8.jpeg!c560x560_q80.auto",
    "source_url":"https:\/\/www.sayweee.com\/en\/category\/seasoning07\/Soup-Base?page=1&offset=0&filters=%7B%22catalogue_num%22%3A%22seasoning07%22%7D&trigger_type=taxonomy_seasoning07&filter_sub_category=seasoning"
  },
  {
    "category":"sauce",
    "product_name":"Daisho x Ippudo Hotpot Soup Base Spicy Dan Dan Flavor 750 g",
    "price":6.79,
    "unit_price":"$0.25\/oz",
    "sales_count":50.0,
    "image_url":"https:\/\/img08.weeecdn.net\/product\/image\/507\/722\/DBD66521D543BDE.png!c560x560_q80.auto",
    "source_url":"https:\/\/www.sayweee.com\/en\/category\/seasoning07\/Soup-Base?page=1&offset=0&filters=%7B%22catalogue_num%22%3A%22seasoning07%22%7D&trigger_type=taxonomy_seasoning07&filter_sub_category=seasoning"
  },
  {
    "category":"sauce",
    "product_name":"Daisho Premium Hotpot Soup Base 3 types of Shellfish and Yuzu Flavor 750 g",
    "price":6.79,
    "unit_price":"$0.25\/oz",
    "sales_count":50.0,
    "image_url":"https:\/\/img08.weeecdn.net\/product\/image\/541\/491\/7CA8662694658D6F.png!c560x560_q80.auto",
    "source_url":"https:\/\/www.sayweee.com\/en\/category\/seasoning07\/Soup-Base?page=1&offset=0&filters=%7B%22catalogue_num%22%3A%22seasoning07%22%7D&trigger_type=taxonomy_seasoning07&filter_sub_category=seasoning"
  },
  {
    "category":"sauce",
    "product_name":"Daisho Oden Hotpot Soup Base 750 g",
    "price":5.49,
    "unit_price":"$0.20\/oz",
    "sales_count":50.0,
    "image_url":"https:\/\/img08.weeecdn.net\/product\/image\/163\/191\/626F9EDBBB1F6970.png!c560x560_q80.auto",
    "source_url":"https:\/\/www.sayweee.com\/en\/category\/seasoning07\/Soup-Base?page=1&offset=0&filters=%7B%22catalogue_num%22%3A%22seasoning07%22%7D&trigger_type=taxonomy_seasoning07&filter_sub_category=seasoning"
  },
  {
    "category":"sauce",
    "product_name":"Goya Sazón Seasoning With Cilantro & Tomato 1.41 oz",
    "price":1.79,
    "unit_price":"$1.26\/oz",
    "sales_count":null,
    "image_url":"https:\/\/img08.weeecdn.net\/product\/image\/934\/361\/41DE871CD55A1D55.png!c560x560_q80.auto",
    "source_url":"https:\/\/www.sayweee.com\/en\/category\/seasoning07\/Soup-Base?page=1&offset=0&filters=%7B%22catalogue_num%22%3A%22seasoning07%22%7D&trigger_type=taxonomy_seasoning07&filter_sub_category=seasoning"
  },
  {
    "category":"sauce",
    "product_name":"Goya Sofrito Tomato Cooking Base 12 oz",
    "price":2.99,
    "unit_price":"$0.24\/oz",
    "sales_count":null,
    "image_url":"https:\/\/img08.weeecdn.net\/product\/image\/215\/852\/40FC3AAFB9A033BC.png!c560x560_q80.auto",
    "source_url":"https:\/\/www.sayweee.com\/en\/category\/seasoning07\/Soup-Base?page=1&offset=0&filters=%7B%22catalogue_num%22%3A%22seasoning07%22%7D&trigger_type=taxonomy_seasoning07&filter_sub_category=seasoning"
  },
  {
    "category":"sauce",
    "product_name":"HOUSE JAPAN HOUKAIIDO Stew Corn Cream 180g* 2 count",
    "price":11.88,
    "unit_price":"$5.94\/count",
    "sales_count":null,
    "image_url":"https:\/\/img08.weeecdn.net\/item\/image\/734\/106\/61325C72C37D07CE.jpeg!c560x560_q80.auto",
    "source_url":"https:\/\/www.sayweee.com\/en\/category\/seasoning07\/Soup-Base?page=1&offset=0&filters=%7B%22catalogue_num%22%3A%22seasoning07%22%7D&trigger_type=taxonomy_seasoning07&filter_sub_category=seasoning"
  },
  {
    "category":"sauce",
    "product_name":"Vegetable Dashi Soup Base and Seasoning 3.17 oz",
    "price":18.49,
    "unit_price":"$5.83\/oz",
    "sales_count":null,
    "image_url":"https:\/\/img08.weeecdn.net\/product\/image\/062\/100\/28B17A81ED9CCDCE.png!c560x560_q80.auto",
    "source_url":"https:\/\/www.sayweee.com\/en\/category\/seasoning07\/Soup-Base?page=1&offset=0&filters=%7B%22catalogue_num%22%3A%22seasoning07%22%7D&trigger_type=taxonomy_seasoning07&filter_sub_category=seasoning"
  },
  {
    "category":"sauce",
    "product_name":"Barona Mushroom Hotpot 140 g",
    "price":3.79,
    "unit_price":"$0.76\/oz",
    "sales_count":50.0,
    "image_url":"https:\/\/img08.weeecdn.net\/product\/image\/570\/912\/6E39AA7A5717F311.jpeg!c560x560_q80.auto",
    "source_url":"https:\/\/www.sayweee.com\/en\/category\/seasoning07\/Soup-Base?page=1&offset=0&filters=%7B%22catalogue_num%22%3A%22seasoning07%22%7D&trigger_type=taxonomy_seasoning07&filter_sub_category=seasoning"
  },
  {
    "category":"sauce",
    "product_name":"Ajinomoto Chicken Soup Stock 110 g",
    "price":8.99,
    "unit_price":"$2.31\/oz",
    "sales_count":300.0,
    "image_url":"https:\/\/img08.weeecdn.net\/product\/image\/085\/086\/660CB7F2BEFE655C.png!c560x560_q80.auto",
    "source_url":"https:\/\/www.sayweee.com\/en\/category\/seasoning07\/Soup-Base?page=1&offset=0&filters=%7B%22catalogue_num%22%3A%22seasoning07%22%7D&trigger_type=taxonomy_seasoning07&filter_sub_category=seasoning"
  },
  {
    "category":"sauce",
    "product_name":"AJINOMOTO Concentrated Hotpot Soup Base Seafood Pot  7pcs 60g* 2 count",
    "price":12.99,
    "unit_price":"$6.49\/count",
    "sales_count":null,
    "image_url":"https:\/\/img08.weeecdn.net\/item\/image\/904\/248\/7D633763538428D.jpeg!c560x560_q80.auto",
    "source_url":"https:\/\/www.sayweee.com\/en\/category\/seasoning07\/Soup-Base?page=1&offset=0&filters=%7B%22catalogue_num%22%3A%22seasoning07%22%7D&trigger_type=taxonomy_seasoning07&filter_sub_category=seasoning"
  },
  {
    "category":"sauce",
    "product_name":"Yaoyikou Kaili Chili Sour Soup Sauce 380 g",
    "price":3.99,
    "unit_price":"$0.29\/oz",
    "sales_count":50.0,
    "image_url":"https:\/\/img08.weeecdn.net\/product\/image\/049\/555\/3C70B631831931D6.png!c560x560_q80.auto",
    "source_url":"https:\/\/www.sayweee.com\/en\/category\/seasoning07\/Soup-Base?page=1&offset=0&filters=%7B%22catalogue_num%22%3A%22seasoning07%22%7D&trigger_type=taxonomy_seasoning07&filter_sub_category=seasoning"
  },
  {
    "category":"sauce",
    "product_name":"[TOTOLE] Granulated Chicken Flavor Soup Base Mix - 2.2 lb",
    "price":15.29,
    "unit_price":"$6.95\/lb",
    "sales_count":null,
    "image_url":"https:\/\/img08.weeecdn.net\/item\/image\/294\/512\/3C2FDE612CE1CA84.png!c560x560_q80.auto",
    "source_url":"https:\/\/www.sayweee.com\/en\/category\/seasoning07\/Soup-Base?page=1&offset=0&filters=%7B%22catalogue_num%22%3A%22seasoning07%22%7D&trigger_type=taxonomy_seasoning07&filter_sub_category=seasoning"
  },
  {
    "category":"sauce",
    "product_name":"Kaili Sour Spicy Hotpot Base 380 g",
    "price":4.39,
    "unit_price":"nan",
    "sales_count":null,
    "image_url":"https:\/\/img08.weeecdn.net\/item\/image\/023\/501\/6A659F1D619719B3.png!c560x560_q80.auto",
    "source_url":"https:\/\/www.sayweee.com\/en\/category\/seasoning07\/Soup-Base?page=1&offset=0&filters=%7B%22catalogue_num%22%3A%22seasoning07%22%7D&trigger_type=taxonomy_seasoning07&filter_sub_category=seasoning"
  },
  {
    "category":"sauce",
    "product_name":"KOUKISHOKO Chinese soup base 250 g",
    "price":11.99,
    "unit_price":"$0.04\/g",
    "sales_count":null,
    "image_url":"https:\/\/img08.weeecdn.net\/item\/image\/835\/011\/2E23538FC004BE65.jpeg!c560x560_q80.auto",
    "source_url":"https:\/\/www.sayweee.com\/en\/category\/seasoning07\/Soup-Base?page=1&offset=0&filters=%7B%22catalogue_num%22%3A%22seasoning07%22%7D&trigger_type=taxonomy_seasoning07&filter_sub_category=seasoning"
  },
  {
    "category":"sauce",
    "product_name":"FaThai Concentrated Noodle Soup, Pa-Lo Flavored 12.3 oz",
    "price":4.09,
    "unit_price":"$0.33\/oz",
    "sales_count":null,
    "image_url":"https:\/\/img08.weeecdn.net\/item\/image\/957\/886\/566329F4369F8105.jpeg!c560x560_q80.auto",
    "source_url":"https:\/\/www.sayweee.com\/en\/category\/seasoning07\/Soup-Base?page=1&offset=0&filters=%7B%22catalogue_num%22%3A%22seasoning07%22%7D&trigger_type=taxonomy_seasoning07&filter_sub_category=seasoning"
  },
  {
    "category":"sauce",
    "product_name":"FaThai Concentrated Japanese Sukiyaki Soup (Shabu), Thai Product 9.15 oz",
    "price":4.69,
    "unit_price":"$0.51\/oz",
    "sales_count":null,
    "image_url":"https:\/\/img08.weeecdn.net\/item\/image\/510\/186\/E91EB7170C07F68.jpeg!c560x560_q80.auto",
    "source_url":"https:\/\/www.sayweee.com\/en\/category\/seasoning07\/Soup-Base?page=1&offset=0&filters=%7B%22catalogue_num%22%3A%22seasoning07%22%7D&trigger_type=taxonomy_seasoning07&filter_sub_category=seasoning"
  },
  {
    "category":"sauce",
    "product_name":"FaThai Concentrated Jaew Hon Thai Hot Pot Soup 5.25 oz",
    "price":4.29,
    "unit_price":"$0.81\/oz",
    "sales_count":null,
    "image_url":"https:\/\/img08.weeecdn.net\/item\/image\/509\/680\/E8A159BB91D636.jpeg!c560x560_q80.auto",
    "source_url":"https:\/\/www.sayweee.com\/en\/category\/seasoning07\/Soup-Base?page=1&offset=0&filters=%7B%22catalogue_num%22%3A%22seasoning07%22%7D&trigger_type=taxonomy_seasoning07&filter_sub_category=seasoning"
  },
  {
    "category":"sauce",
    "product_name":"Boutique Shanzhen Ten Mushroom Soup Bun 50g 50 g",
    "price":9.23,
    "unit_price":"$0.18\/g",
    "sales_count":null,
    "image_url":"https:\/\/img08.weeecdn.net\/item\/image\/679\/326\/5D2981792E9FDA47.png.jpeg!c560x560_q80.auto",
    "source_url":"https:\/\/www.sayweee.com\/en\/category\/seasoning07\/Soup-Base?page=1&offset=0&filters=%7B%22catalogue_num%22%3A%22seasoning07%22%7D&trigger_type=taxonomy_seasoning07&filter_sub_category=seasoning"
  },
  {
    "category":"sauce",
    "product_name":"Foods Beef Flavored \"Pho\" Soup Base Cot Pho Bo 1 each",
    "price":17.99,
    "unit_price":"nan",
    "sales_count":null,
    "image_url":"https:\/\/img08.weeecdn.net\/item\/image\/783\/577\/C62ABB75B3A0C3D.jpeg!c560x560_q80.auto",
    "source_url":"https:\/\/www.sayweee.com\/en\/category\/seasoning07\/Soup-Base?page=1&offset=0&filters=%7B%22catalogue_num%22%3A%22seasoning07%22%7D&trigger_type=taxonomy_seasoning07&filter_sub_category=seasoning"
  },
  {
    "category":"sauce",
    "product_name":"Quoc Viet Soup Base, Hue Style Beef Flavor 10 oz 1 each",
    "price":9.52,
    "unit_price":"nan",
    "sales_count":null,
    "image_url":"https:\/\/img08.weeecdn.net\/item\/image\/741\/124\/558E99BB53C40CFA.png!c560x560_q80.auto",
    "source_url":"https:\/\/www.sayweee.com\/en\/category\/seasoning07\/Soup-Base?page=1&offset=0&filters=%7B%22catalogue_num%22%3A%22seasoning07%22%7D&trigger_type=taxonomy_seasoning07&filter_sub_category=seasoning"
  },
  {
    "category":"sauce",
    "product_name":"Knorr Tomato Based Pasta Soup Mix 3.5 oz",
    "price":1.99,
    "unit_price":"$0.56\/oz",
    "sales_count":null,
    "image_url":"https:\/\/img08.weeecdn.net\/item\/image\/937\/208\/1497590F001FE713.jpg!c560x560_q80.auto",
    "source_url":"https:\/\/www.sayweee.com\/en\/category\/seasoning07\/Soup-Base?page=1&offset=0&filters=%7B%22catalogue_num%22%3A%22seasoning07%22%7D&trigger_type=taxonomy_seasoning07&filter_sub_category=seasoning"
  },
  {
    "category":"sauce",
    "product_name":"HOUSE JAPAN HOUKAIIDO Stew Scallop Cream 144g* 2 count",
    "price":13.99,
    "unit_price":"$6.99\/count",
    "sales_count":null,
    "image_url":"https:\/\/img08.weeecdn.net\/item\/image\/483\/330\/243E9E47DB9FD60D.jpeg!c560x560_q80.auto",
    "source_url":"https:\/\/www.sayweee.com\/en\/category\/seasoning07\/Soup-Base?page=1&offset=0&filters=%7B%22catalogue_num%22%3A%22seasoning07%22%7D&trigger_type=taxonomy_seasoning07&filter_sub_category=seasoning"
  },
  {
    "category":"sauce",
    "product_name":"AJINOMOTO Concentrated Hotpot Soup  7pcs 58g * 2 count",
    "price":12.99,
    "unit_price":"$6.49\/count",
    "sales_count":null,
    "image_url":"https:\/\/img08.weeecdn.net\/item\/image\/034\/592\/1E3C0AFA8667DDB4.jpeg!c560x560_q80.auto",
    "source_url":"https:\/\/www.sayweee.com\/en\/category\/seasoning07\/Soup-Base?page=1&offset=0&filters=%7B%22catalogue_num%22%3A%22seasoning07%22%7D&trigger_type=taxonomy_seasoning07&filter_sub_category=seasoning"
  },
  {
    "category":"sauce",
    "product_name":"Ebara Petite Pot with Clams And Scallops Salt Pot 1 each",
    "price":6.99,
    "unit_price":"nan",
    "sales_count":null,
    "image_url":"https:\/\/img08.weeecdn.net\/item\/image\/622\/844\/A2ED6C22F95D5DA.jpeg!c560x560_q80.auto",
    "source_url":"https:\/\/www.sayweee.com\/en\/category\/seasoning07\/Soup-Base?page=1&offset=0&filters=%7B%22catalogue_num%22%3A%22seasoning07%22%7D&trigger_type=taxonomy_seasoning07&filter_sub_category=seasoning"
  },
  {
    "category":"sauce",
    "product_name":"Yaki Nodoguro Dashi 54 g",
    "price":6.49,
    "unit_price":"$3.39\/oz",
    "sales_count":null,
    "image_url":"https:\/\/img08.weeecdn.net\/product\/image\/696\/754\/625B7F290373331B.png!c560x560_q80.auto",
    "source_url":"https:\/\/www.sayweee.com\/en\/category\/seasoning07\/Soup-Base?page=1&offset=0&filters=%7B%22catalogue_num%22%3A%22seasoning07%22%7D&trigger_type=taxonomy_seasoning07&filter_sub_category=seasoning"
  },
  {
    "category":"sauce",
    "product_name":"Ajinomoto Pot Cube Spicy Kimchi 7pcs\/ 1 pack",
    "price":7.99,
    "unit_price":"nan",
    "sales_count":null,
    "image_url":"https:\/\/img08.weeecdn.net\/item\/image\/601\/970\/1102373A83E2348A.jpeg!c560x560_q80.auto",
    "source_url":"https:\/\/www.sayweee.com\/en\/category\/seasoning07\/Soup-Base?page=1&offset=0&filters=%7B%22catalogue_num%22%3A%22seasoning07%22%7D&trigger_type=taxonomy_seasoning07&filter_sub_category=seasoning"
  },
  {
    "category":"sauce",
    "product_name":"Taiwan Dong Quai Duck Soup Base 70 g",
    "price":8.99,
    "unit_price":"$0.12\/g",
    "sales_count":null,
    "image_url":"https:\/\/img08.weeecdn.net\/item\/image\/811\/868\/473F02BE3497B96E.jpeg!c560x560_q80.auto",
    "source_url":"https:\/\/www.sayweee.com\/en\/category\/seasoning07\/Soup-Base?page=1&offset=0&filters=%7B%22catalogue_num%22%3A%22seasoning07%22%7D&trigger_type=taxonomy_seasoning07&filter_sub_category=seasoning"
  },
  {
    "category":"sauce",
    "product_name":"Totole Granulated Chicken Flavor Soup Base Mix 5.0lb 1 each",
    "price":29.12,
    "unit_price":"nan",
    "sales_count":null,
    "image_url":"https:\/\/img08.weeecdn.net\/item\/image\/931\/288\/52C1878C8E4D03F.png!c560x560_q80.auto",
    "source_url":"https:\/\/www.sayweee.com\/en\/category\/seasoning07\/Soup-Base?page=1&offset=0&filters=%7B%22catalogue_num%22%3A%22seasoning07%22%7D&trigger_type=taxonomy_seasoning07&filter_sub_category=seasoning"
  },
  {
    "category":"sauce",
    "product_name":"Ajinomoto Rich White Hot Pot Soup Cubes 64g 1 each",
    "price":4.8,
    "unit_price":"nan",
    "sales_count":null,
    "image_url":"https:\/\/img08.weeecdn.net\/item\/image\/099\/003\/67FA5795297164FF.png.jpeg!c560x560_q80.auto",
    "source_url":"https:\/\/www.sayweee.com\/en\/category\/seasoning07\/Soup-Base?page=1&offset=0&filters=%7B%22catalogue_num%22%3A%22seasoning07%22%7D&trigger_type=taxonomy_seasoning07&filter_sub_category=seasoning"
  },
  {
    "category":"sauce",
    "product_name":"Bobo chicken seasoning 50g * 1 bag 50 g",
    "price":3.59,
    "unit_price":"$0.07\/g",
    "sales_count":null,
    "image_url":"https:\/\/img08.weeecdn.net\/item\/image\/190\/568\/5046324DAB721A38.png.jpeg!c560x560_q80.auto",
    "source_url":"https:\/\/www.sayweee.com\/en\/category\/seasoning07\/Soup-Base?page=1&offset=0&filters=%7B%22catalogue_num%22%3A%22seasoning07%22%7D&trigger_type=taxonomy_seasoning07&filter_sub_category=seasoning"
  },
  {
    "category":"sauce",
    "product_name":"Wang Gang Hot Pot Seasoni 500 g",
    "price":22.11,
    "unit_price":"$0.04\/g",
    "sales_count":null,
    "image_url":"https:\/\/img08.weeecdn.net\/item\/image\/245\/498\/25DED57AC04F8AD9.jpeg!c560x560_q80.auto",
    "source_url":"https:\/\/www.sayweee.com\/en\/category\/seasoning07\/Soup-Base?page=1&offset=0&filters=%7B%22catalogue_num%22%3A%22seasoning07%22%7D&trigger_type=taxonomy_seasoning07&filter_sub_category=seasoning"
  },
  {
    "category":"sauce",
    "product_name":"Ginseng Stewed Chicken Soup Ingredients 100 g",
    "price":7.66,
    "unit_price":"$0.07\/g",
    "sales_count":null,
    "image_url":"https:\/\/img08.weeecdn.net\/item\/image\/044\/164\/1052473E6196EEBA.webp!c560x560_q80.auto",
    "source_url":"https:\/\/www.sayweee.com\/en\/category\/seasoning07\/Soup-Base?page=1&offset=0&filters=%7B%22catalogue_num%22%3A%22seasoning07%22%7D&trigger_type=taxonomy_seasoning07&filter_sub_category=seasoning"
  },
  {
    "category":"sauce",
    "product_name":"Hao Ren Jia boiled pork slices 100g*1 bag 100 g",
    "price":5.85,
    "unit_price":"$0.05\/g",
    "sales_count":null,
    "image_url":"https:\/\/img08.weeecdn.net\/item\/image\/119\/330\/6F2336CAB6021B1C.webp!c560x560_q80.auto",
    "source_url":"https:\/\/www.sayweee.com\/en\/category\/seasoning07\/Soup-Base?page=1&offset=0&filters=%7B%22catalogue_num%22%3A%22seasoning07%22%7D&trigger_type=taxonomy_seasoning07&filter_sub_category=seasoning"
  },
  {
    "category":"sauce",
    "product_name":"KOUKISHOKO Chinese Seafood Soup Base 250g\/ 1 can",
    "price":11.99,
    "unit_price":"nan",
    "sales_count":null,
    "image_url":"https:\/\/img08.weeecdn.net\/item\/image\/904\/488\/6EF32272DF98FB6E.jpeg!c560x560_q80.auto",
    "source_url":"https:\/\/www.sayweee.com\/en\/category\/seasoning07\/Soup-Base?page=1&offset=0&filters=%7B%22catalogue_num%22%3A%22seasoning07%22%7D&trigger_type=taxonomy_seasoning07&filter_sub_category=seasoning"
  },
  {
    "category":"sauce",
    "product_name":"Taiwan Herbal Ginger Duck Soup Base 70 g",
    "price":7.99,
    "unit_price":"$0.11\/g",
    "sales_count":null,
    "image_url":"https:\/\/img08.weeecdn.net\/item\/image\/632\/806\/4FD570C88EA71493.jpeg!c560x560_q80.auto",
    "source_url":"https:\/\/www.sayweee.com\/en\/category\/seasoning07\/Soup-Base?page=1&offset=0&filters=%7B%22catalogue_num%22%3A%22seasoning07%22%7D&trigger_type=taxonomy_seasoning07&filter_sub_category=seasoning"
  },
  {
    "category":"sauce",
    "product_name":"Taiwan Herbal Pork Rib Soup Base 70 g",
    "price":8.99,
    "unit_price":"$0.12\/g",
    "sales_count":null,
    "image_url":"https:\/\/img08.weeecdn.net\/item\/image\/474\/336\/643623E9DFFD7D95.jpeg!c560x560_q80.auto",
    "source_url":"https:\/\/www.sayweee.com\/en\/category\/seasoning07\/Soup-Base?page=1&offset=0&filters=%7B%22catalogue_num%22%3A%22seasoning07%22%7D&trigger_type=taxonomy_seasoning07&filter_sub_category=seasoning"
  },
  {
    "category":"sauce",
    "product_name":"Quoc Viet Chicken Pho Soup Base, Pho Ga 10 oz 1 each",
    "price":9.52,
    "unit_price":"nan",
    "sales_count":null,
    "image_url":"https:\/\/img08.weeecdn.net\/item\/image\/113\/644\/D606B1642057472.jpeg!c560x560_q80.auto",
    "source_url":"https:\/\/www.sayweee.com\/en\/category\/seasoning07\/Soup-Base?page=1&offset=0&filters=%7B%22catalogue_num%22%3A%22seasoning07%22%7D&trigger_type=taxonomy_seasoning07&filter_sub_category=seasoning"
  },
  {
    "category":"sauce",
    "product_name":"Quoc Viet Crab Soup Base, Cot Bun Rieu 10 oz 1 each",
    "price":9.52,
    "unit_price":"nan",
    "sales_count":null,
    "image_url":"https:\/\/img08.weeecdn.net\/item\/image\/369\/402\/2E5C1FAA84F0D1FA.png!c560x560_q80.auto",
    "source_url":"https:\/\/www.sayweee.com\/en\/category\/seasoning07\/Soup-Base?page=1&offset=0&filters=%7B%22catalogue_num%22%3A%22seasoning07%22%7D&trigger_type=taxonomy_seasoning07&filter_sub_category=seasoning"
  },
  {
    "category":"sauce",
    "product_name":"Quoc Viet Vietnamese Beef Stew Base 10 oz 1 each",
    "price":9.52,
    "unit_price":"nan",
    "sales_count":null,
    "image_url":"https:\/\/img08.weeecdn.net\/item\/image\/870\/254\/5FAB005FB62510DA.png!c560x560_q80.auto",
    "source_url":"https:\/\/www.sayweee.com\/en\/category\/seasoning07\/Soup-Base?page=1&offset=0&filters=%7B%22catalogue_num%22%3A%22seasoning07%22%7D&trigger_type=taxonomy_seasoning07&filter_sub_category=seasoning"
  },
  {
    "category":"sauce",
    "product_name":"Shooloongkan Qiaofootbeefbasesouppotraw166g*5pcs 166 g",
    "price":10.79,
    "unit_price":"$0.06\/g",
    "sales_count":null,
    "image_url":"https:\/\/img08.weeecdn.net\/item\/image\/393\/122\/6FA358B807E56AF0.png.jpeg!c560x560_q80.auto",
    "source_url":"https:\/\/www.sayweee.com\/en\/category\/seasoning07\/Soup-Base?page=1&offset=0&filters=%7B%22catalogue_num%22%3A%22seasoning07%22%7D&trigger_type=taxonomy_seasoning07&filter_sub_category=seasoning"
  },
  {
    "category":"sauce",
    "product_name":"Carrying Mountains and Traveling Yunnan Mountain Treasures Wild Colorful Mushroom Soup Package 70g * 2 Bags Stewed Chicken and Sheep Belly Mushroom Mountain Treasures Soup Ingredients 140 g",
    "price":18.96,
    "unit_price":"$0.13\/g",
    "sales_count":null,
    "image_url":"https:\/\/img08.weeecdn.net\/item\/image\/838\/901\/77FA207A2C17856E.webp!c560x560_q80.auto",
    "source_url":"https:\/\/www.sayweee.com\/en\/category\/seasoning07\/Soup-Base?page=1&offset=0&filters=%7B%22catalogue_num%22%3A%22seasoning07%22%7D&trigger_type=taxonomy_seasoning07&filter_sub_category=seasoning"
  },
  {
    "category":"sauce",
    "product_name":"Glico Aunt Claire Cream Stew 142g 1 box",
    "price":5.03,
    "unit_price":"nan",
    "sales_count":null,
    "image_url":"https:\/\/img08.weeecdn.net\/item\/image\/243\/873\/4EAEEA2C8E85E9A.jpeg!c560x560_q80.auto",
    "source_url":"https:\/\/www.sayweee.com\/en\/category\/seasoning07\/Soup-Base?page=1&offset=0&filters=%7B%22catalogue_num%22%3A%22seasoning07%22%7D&trigger_type=taxonomy_seasoning07&filter_sub_category=seasoning"
  },
  {
    "category":"sauce",
    "product_name":"Haidilao Clear soup hot pot base 110 g",
    "price":8.59,
    "unit_price":"$0.07\/g",
    "sales_count":null,
    "image_url":"https:\/\/img08.weeecdn.net\/item\/image\/247\/715\/77A4DB3AB2897A95.jpeg!c560x560_q80.auto",
    "source_url":"https:\/\/www.sayweee.com\/en\/category\/seasoning07\/Soup-Base?page=1&offset=0&filters=%7B%22catalogue_num%22%3A%22seasoning07%22%7D&trigger_type=taxonomy_seasoning07&filter_sub_category=seasoning"
  },
  {
    "category":"sauce",
    "product_name":"Little sheep soup hot pot base 160 g",
    "price":8.81,
    "unit_price":"$0.05\/g",
    "sales_count":null,
    "image_url":"https:\/\/img08.weeecdn.net\/item\/image\/407\/993\/22174D503DEE4A4B.jpeg!c560x560_q80.auto",
    "source_url":"https:\/\/www.sayweee.com\/en\/category\/seasoning07\/Soup-Base?page=1&offset=0&filters=%7B%22catalogue_num%22%3A%22seasoning07%22%7D&trigger_type=taxonomy_seasoning07&filter_sub_category=seasoning"
  },
  {
    "category":"sauce",
    "product_name":"Marumiya Mapo Tofu Seasoning Spicy 3servingsx2bags 1 each",
    "price":4.52,
    "unit_price":"nan",
    "sales_count":null,
    "image_url":"https:\/\/img08.weeecdn.net\/item\/image\/653\/128\/1B470E36C8F1B2EE.jpeg!c560x560_q80.auto",
    "source_url":"https:\/\/www.sayweee.com\/en\/category\/seasoning07\/Soup-Base?page=1&offset=0&filters=%7B%22catalogue_num%22%3A%22seasoning07%22%7D&trigger_type=taxonomy_seasoning07&filter_sub_category=seasoning"
  },
  {
    "category":"sauce",
    "product_name":"A wave of fresh vegetables and hibiscus instant soup 6g*5 sachets 30 g",
    "price":3.98,
    "unit_price":"$0.13\/g",
    "sales_count":null,
    "image_url":"https:\/\/img08.weeecdn.net\/item\/image\/324\/352\/3670A22A4D96349E.webp!c560x560_q80.auto",
    "source_url":"https:\/\/www.sayweee.com\/en\/category\/seasoning07\/Soup-Base?page=1&offset=0&filters=%7B%22catalogue_num%22%3A%22seasoning07%22%7D&trigger_type=taxonomy_seasoning07&filter_sub_category=seasoning"
  },
  {
    "category":"sauce",
    "product_name":"Ba He Li Hai Ji Sha Cha Hot Pot Sauce 200g * 1 can Chaoshan Shadi Sauce seasoning mixed with noodles dipping sauce 200 g",
    "price":13.85,
    "unit_price":"$0.06\/g",
    "sales_count":null,
    "image_url":"https:\/\/img08.weeecdn.net\/item\/image\/653\/562\/F36268B0BEE5218.webp!c560x560_q80.auto",
    "source_url":"https:\/\/www.sayweee.com\/en\/category\/seasoning07\/Soup-Base?page=1&offset=0&filters=%7B%22catalogue_num%22%3A%22seasoning07%22%7D&trigger_type=taxonomy_seasoning07&filter_sub_category=seasoning"
  },
  {
    "category":"sauce",
    "product_name":"Wheat field black soil golden soup chicken soup base 120g * 1 box of Guangzhou style edging stove golden soup Spicy Hot Pot rice noodle soup 120 g",
    "price":11.95,
    "unit_price":"$0.09\/g",
    "sales_count":null,
    "image_url":"https:\/\/img08.weeecdn.net\/item\/image\/564\/375\/55FCDA92D4005876.jpeg!c560x560_q80.auto",
    "source_url":"https:\/\/www.sayweee.com\/en\/category\/seasoning07\/Soup-Base?page=1&offset=0&filters=%7B%22catalogue_num%22%3A%22seasoning07%22%7D&trigger_type=taxonomy_seasoning07&filter_sub_category=seasoning"
  },
  {
    "category":"sauce",
    "product_name":"Sichuan Leshan hot pot base soup base beef noodles 80 g",
    "price":6.14,
    "unit_price":"$0.07\/g",
    "sales_count":null,
    "image_url":"https:\/\/img08.weeecdn.net\/item\/image\/503\/493\/466EF10BDB275843.jpeg!c560x560_q80.auto",
    "source_url":"https:\/\/www.sayweee.com\/en\/category\/seasoning07\/Soup-Base?page=1&offset=0&filters=%7B%22catalogue_num%22%3A%22seasoning07%22%7D&trigger_type=taxonomy_seasoning07&filter_sub_category=seasoning"
  },
  {
    "category":"sauce",
    "product_name":"Vegetarian Mushroom Hot Pot Broth 750 g",
    "price":15.0,
    "unit_price":"nan",
    "sales_count":null,
    "image_url":"https:\/\/img08.weeecdn.net\/item\/image\/894\/997\/4143CB398EA948BF.png!c560x560_q80.auto",
    "source_url":"https:\/\/www.sayweee.com\/en\/category\/seasoning07\/Soup-Base?page=1&offset=0&filters=%7B%22catalogue_num%22%3A%22seasoning07%22%7D&trigger_type=taxonomy_seasoning07&filter_sub_category=seasoning"
  },
  {
    "category":"sauce",
    "product_name":"5 small packet Fu Xiaobing stewed beef and sheep soup seasoning packet 40 g",
    "price":5.74,
    "unit_price":"$0.14\/g",
    "sales_count":null,
    "image_url":"https:\/\/img08.weeecdn.net\/item\/image\/965\/366\/269E286B5FDC84A6.jpeg!c560x560_q80.auto",
    "source_url":"https:\/\/www.sayweee.com\/en\/category\/seasoning07\/Soup-Base?page=1&offset=0&filters=%7B%22catalogue_num%22%3A%22seasoning07%22%7D&trigger_type=taxonomy_seasoning07&filter_sub_category=seasoning"
  },
  {
    "category":"sauce",
    "product_name":"Lee Kum Kee Chicken Bouillon Powder 8oz 1 each",
    "price":7.17,
    "unit_price":"nan",
    "sales_count":null,
    "image_url":"https:\/\/img08.weeecdn.net\/item\/image\/389\/731\/66243B43220AE92.jpeg!c560x560_q80.auto",
    "source_url":"https:\/\/www.sayweee.com\/en\/category\/seasoning07\/Soup-Base?page=1&offset=0&filters=%7B%22catalogue_num%22%3A%22seasoning07%22%7D&trigger_type=taxonomy_seasoning07&filter_sub_category=seasoning"
  },
  {
    "category":"sauce",
    "product_name":"Coconut Curry Sauce 175g * 1 bottle 175 g",
    "price":17.89,
    "unit_price":"$0.10\/g",
    "sales_count":null,
    "image_url":"https:\/\/img08.weeecdn.net\/item\/image\/370\/727\/18C7287771BFCF1B.jpeg!c560x560_q80.auto",
    "source_url":"https:\/\/www.sayweee.com\/en\/category\/seasoning07\/Soup-Base?page=1&offset=0&filters=%7B%22catalogue_num%22%3A%22seasoning07%22%7D&trigger_type=taxonomy_seasoning07&filter_sub_category=seasoning"
  },
  {
    "category":"sauce",
    "product_name":"Lanzhou ramen soup stock250g *1 can 250 g",
    "price":15.03,
    "unit_price":"$0.06\/g",
    "sales_count":null,
    "image_url":"https:\/\/img08.weeecdn.net\/item\/image\/607\/456\/4CF5C9A4959CA644.webp!c560x560_q80.auto",
    "source_url":"https:\/\/www.sayweee.com\/en\/category\/seasoning07\/Soup-Base?page=1&offset=0&filters=%7B%22catalogue_num%22%3A%22seasoning07%22%7D&trigger_type=taxonomy_seasoning07&filter_sub_category=seasoning"
  },
  {
    "category":"sauce",
    "product_name":"Haidi Lao Express Chef Mapo Tofu Seasoning Mix 80 g",
    "price":7.99,
    "unit_price":"$0.09\/g",
    "sales_count":null,
    "image_url":"https:\/\/img08.weeecdn.net\/item\/image\/475\/386\/6A90B1B8745BEF10.jpeg!c560x560_q80.auto",
    "source_url":"https:\/\/www.sayweee.com\/en\/category\/seasoning07\/Soup-Base?page=1&offset=0&filters=%7B%22catalogue_num%22%3A%22seasoning07%22%7D&trigger_type=taxonomy_seasoning07&filter_sub_category=seasoning"
  },
  {
    "category":"sauce",
    "product_name":"Bailidong Yin Gong Soup Recipe Package 200g *1 Bag 200 g",
    "price":12.59,
    "unit_price":"$0.06\/g",
    "sales_count":null,
    "image_url":"https:\/\/img08.weeecdn.net\/item\/image\/667\/498\/6CFAC3EEF6C360C1.jpeg!c560x560_q80.auto",
    "source_url":"https:\/\/www.sayweee.com\/en\/category\/seasoning07\/Soup-Base?page=1&offset=0&filters=%7B%22catalogue_num%22%3A%22seasoning07%22%7D&trigger_type=taxonomy_seasoning07&filter_sub_category=seasoning"
  },
  {
    "category":"sauce",
    "product_name":"Spicy sauce, small seafood seasoning sauce*1 1000 g",
    "price":50.65,
    "unit_price":"$0.05\/g",
    "sales_count":null,
    "image_url":"https:\/\/img08.weeecdn.net\/item\/image\/010\/002\/3EFFF2850A56BF84.webp!c560x560_q80.auto",
    "source_url":"https:\/\/www.sayweee.com\/en\/category\/seasoning07\/Soup-Base?page=1&offset=0&filters=%7B%22catalogue_num%22%3A%22seasoning07%22%7D&trigger_type=taxonomy_seasoning07&filter_sub_category=seasoning"
  },
  {
    "category":"sauce",
    "product_name":"Yunnan mushroom bun 100 g",
    "price":8.39,
    "unit_price":"$0.08\/g",
    "sales_count":null,
    "image_url":"https:\/\/img08.weeecdn.net\/item\/image\/727\/034\/1DCAF58D5E814078.png.jpeg!c560x560_q80.auto",
    "source_url":"https:\/\/www.sayweee.com\/en\/category\/seasoning07\/Soup-Base?page=1&offset=0&filters=%7B%22catalogue_num%22%3A%22seasoning07%22%7D&trigger_type=taxonomy_seasoning07&filter_sub_category=seasoning"
  },
  {
    "category":"sauce",
    "product_name":"Honey sauce char siu sauce 100g * 1 pack 100 g",
    "price":6.31,
    "unit_price":"$0.06\/g",
    "sales_count":null,
    "image_url":"https:\/\/img08.weeecdn.net\/item\/image\/799\/128\/5B625A0B4CFB3E6.webp!c560x560_q80.auto",
    "source_url":"https:\/\/www.sayweee.com\/en\/category\/seasoning07\/Soup-Base?page=1&offset=0&filters=%7B%22catalogue_num%22%3A%22seasoning07%22%7D&trigger_type=taxonomy_seasoning07&filter_sub_category=seasoning"
  },
  {
    "category":"sauce",
    "product_name":"wild perilla sauce 350 g",
    "price":24.53,
    "unit_price":"$0.07\/g",
    "sales_count":null,
    "image_url":"https:\/\/img08.weeecdn.net\/item\/image\/353\/297\/7A7BC404CD1837BE.jpeg!c560x560_q80.auto",
    "source_url":"https:\/\/www.sayweee.com\/en\/category\/seasoning07\/Soup-Base?page=1&offset=0&filters=%7B%22catalogue_num%22%3A%22seasoning07%22%7D&trigger_type=taxonomy_seasoning07&filter_sub_category=seasoning"
  },
  {
    "category":"sauce",
    "product_name":"Tofu pudding sauce *1 bag 80 g",
    "price":9.99,
    "unit_price":"$0.12\/g",
    "sales_count":null,
    "image_url":"https:\/\/img08.weeecdn.net\/item\/image\/086\/370\/10FEB3D3D23CFA06.webp!c560x560_q80.auto",
    "source_url":"https:\/\/www.sayweee.com\/en\/category\/seasoning07\/Soup-Base?page=1&offset=0&filters=%7B%22catalogue_num%22%3A%22seasoning07%22%7D&trigger_type=taxonomy_seasoning07&filter_sub_category=seasoning"
  },
  {
    "category":"sauce",
    "product_name":"Wonton soup packet 3.5g*10 packets 35 g",
    "price":7.95,
    "unit_price":"$0.22\/g",
    "sales_count":null,
    "image_url":"https:\/\/img08.weeecdn.net\/item\/image\/002\/212\/72C249959F39C641.jpeg!c560x560_q80.auto",
    "source_url":"https:\/\/www.sayweee.com\/en\/category\/seasoning07\/Soup-Base?page=1&offset=0&filters=%7B%22catalogue_num%22%3A%22seasoning07%22%7D&trigger_type=taxonomy_seasoning07&filter_sub_category=seasoning"
  },
  {
    "category":"sauce",
    "product_name":"Sour soup fatty beef sour and spicy hot pot base*1 50 g",
    "price":3.89,
    "unit_price":"$0.07\/g",
    "sales_count":null,
    "image_url":"https:\/\/img08.weeecdn.net\/item\/image\/466\/723\/6ED5340583AC1AC0.jpeg!c560x560_q80.auto",
    "source_url":"https:\/\/www.sayweee.com\/en\/category\/seasoning07\/Soup-Base?page=1&offset=0&filters=%7B%22catalogue_num%22%3A%22seasoning07%22%7D&trigger_type=taxonomy_seasoning07&filter_sub_category=seasoning"
  },
  {
    "category":"sauce",
    "product_name":"Quoc Viet Beef Flavored PHO BO Soup Base 10 oz",
    "price":8.55,
    "unit_price":"$0.85\/oz",
    "sales_count":null,
    "image_url":"https:\/\/img08.weeecdn.net\/item\/image\/158\/194\/172DD6DAAF647967.png.jpeg!c560x560_q80.auto",
    "source_url":"https:\/\/www.sayweee.com\/en\/category\/seasoning07\/Soup-Base?page=1&offset=0&filters=%7B%22catalogue_num%22%3A%22seasoning07%22%7D&trigger_type=taxonomy_seasoning07&filter_sub_category=seasoning"
  },
  {
    "category":"sauce",
    "product_name":"Wang Gang Hot Pot Seasoning,extra spicy 500 g",
    "price":22.0,
    "unit_price":"$0.04\/g",
    "sales_count":null,
    "image_url":"https:\/\/img08.weeecdn.net\/item\/image\/245\/498\/554D3BC4E3F41215.jpeg!c560x560_q80.auto",
    "source_url":"https:\/\/www.sayweee.com\/en\/category\/seasoning07\/Soup-Base?page=1&offset=0&filters=%7B%22catalogue_num%22%3A%22seasoning07%22%7D&trigger_type=taxonomy_seasoning07&filter_sub_category=seasoning"
  },
  {
    "category":"sauce",
    "product_name":"Concentrated Cooking Tamarind - Nuoc Cot Me Dac 454 g",
    "price":4.29,
    "unit_price":"nan",
    "sales_count":null,
    "image_url":"https:\/\/img08.weeecdn.net\/item\/image\/477\/079\/3224C7BF70E973B9.jpeg!c560x560_q80.auto",
    "source_url":"https:\/\/www.sayweee.com\/en\/category\/seasoning07\/Soup-Base?page=1&offset=0&filters=%7B%22catalogue_num%22%3A%22seasoning07%22%7D&trigger_type=taxonomy_seasoning07&filter_sub_category=seasoning"
  },
  {
    "category":"sauce",
    "product_name":"Quoc Viet Cot Sup Heo Pork Flavored Soup Base 1 each",
    "price":9.99,
    "unit_price":"nan",
    "sales_count":null,
    "image_url":"https:\/\/img08.weeecdn.net\/item\/image\/830\/456\/1B4490E853B0FD2D.jpeg!c560x560_q80.auto",
    "source_url":"https:\/\/www.sayweee.com\/en\/category\/seasoning07\/Soup-Base?page=1&offset=0&filters=%7B%22catalogue_num%22%3A%22seasoning07%22%7D&trigger_type=taxonomy_seasoning07&filter_sub_category=seasoning"
  },
  {
    "category":"sauce",
    "product_name":"Fresh matsutake mushroom soup bag *1 bag 120 g",
    "price":14.0,
    "unit_price":"$0.11\/g",
    "sales_count":null,
    "image_url":"https:\/\/img08.weeecdn.net\/item\/image\/729\/755\/2E6F1E1FAFC78F0C.webp!c560x560_q80.auto",
    "source_url":"https:\/\/www.sayweee.com\/en\/category\/seasoning07\/Soup-Base?page=1&offset=0&filters=%7B%22catalogue_num%22%3A%22seasoning07%22%7D&trigger_type=taxonomy_seasoning07&filter_sub_category=seasoning"
  },
  {
    "category":"sauce",
    "product_name":"Mushroom Soup Hot Pot Base Small Pack 50g*5 packs 250 g",
    "price":10.8,
    "unit_price":"$0.04\/g",
    "sales_count":null,
    "image_url":"https:\/\/img08.weeecdn.net\/item\/image\/829\/587\/22BCBE1007CFFAF9.webp!c560x560_q80.auto",
    "source_url":"https:\/\/www.sayweee.com\/en\/category\/seasoning07\/Soup-Base?page=1&offset=0&filters=%7B%22catalogue_num%22%3A%22seasoning07%22%7D&trigger_type=taxonomy_seasoning07&filter_sub_category=seasoning"
  },
  {
    "category":"sauce",
    "product_name":"Weixianju Oden soup base. Ingredient seasoning packet. Hot pot soup base. Seasoning for boiled vegetables. Japanese style. 40g * 2 bags. 80 g",
    "price":3.99,
    "unit_price":"$0.04\/g",
    "sales_count":null,
    "image_url":"https:\/\/img08.weeecdn.net\/item\/image\/582\/079\/7305171EC7A8FB74.webp!c560x560_q80.auto",
    "source_url":"https:\/\/www.sayweee.com\/en\/category\/seasoning07\/Soup-Base?page=1&offset=0&filters=%7B%22catalogue_num%22%3A%22seasoning07%22%7D&trigger_type=taxonomy_seasoning07&filter_sub_category=seasoning"
  },
  {
    "category":"sauce",
    "product_name":"Japanese Style Soy Milk Hotpot Soup 36g*4 bag\/ 1 each",
    "price":5.99,
    "unit_price":"nan",
    "sales_count":null,
    "image_url":"https:\/\/img08.weeecdn.net\/item\/image\/526\/510\/170BC30468E48E20.jpeg!c560x560_q80.auto",
    "source_url":"https:\/\/www.sayweee.com\/en\/category\/seasoning07\/Soup-Base?page=1&offset=0&filters=%7B%22catalogue_num%22%3A%22seasoning07%22%7D&trigger_type=taxonomy_seasoning07&filter_sub_category=seasoning"
  },
  {
    "category":"sauce",
    "product_name":"NESTLADY Mushroom Soup Bag Healthy Natural and Delicious 60 g",
    "price":12.31,
    "unit_price":"$0.20\/g",
    "sales_count":null,
    "image_url":"https:\/\/img08.weeecdn.net\/item\/image\/313\/672\/36A431ED852778FC.jpeg!c560x560_q80.auto",
    "source_url":"https:\/\/www.sayweee.com\/en\/category\/seasoning07\/Soup-Base?page=1&offset=0&filters=%7B%22catalogue_num%22%3A%22seasoning07%22%7D&trigger_type=taxonomy_seasoning07&filter_sub_category=seasoning"
  },
  {
    "category":"sauce",
    "product_name":"HOUSE JAPAN BISTRO Stewed Beef 170 g",
    "price":7.99,
    "unit_price":"$0.04\/g",
    "sales_count":null,
    "image_url":"https:\/\/img08.weeecdn.net\/item\/image\/372\/473\/2ADA87AA6143BE09.png!c560x560_q80.auto",
    "source_url":"https:\/\/www.sayweee.com\/en\/category\/seasoning07\/Soup-Base?page=1&offset=0&filters=%7B%22catalogue_num%22%3A%22seasoning07%22%7D&trigger_type=taxonomy_seasoning07&filter_sub_category=seasoning"
  },
  {
    "category":"sauce",
    "product_name":"HOUSE Ripe Tomato Beef Rice Bowl with Sauce Seasoning 184 g",
    "price":6.99,
    "unit_price":"$0.03\/g",
    "sales_count":null,
    "image_url":"https:\/\/img08.weeecdn.net\/item\/image\/763\/180\/776F88BB3CD83218.jpeg!c560x560_q80.auto",
    "source_url":"https:\/\/www.sayweee.com\/en\/category\/seasoning07\/Soup-Base?page=1&offset=0&filters=%7B%22catalogue_num%22%3A%22seasoning07%22%7D&trigger_type=taxonomy_seasoning07&filter_sub_category=seasoning"
  },
  {
    "category":"sauce",
    "product_name":"NESTLADY Goldenseal reishi soup bag combination soup 41g\/bag 1 count",
    "price":16.71,
    "unit_price":"nan",
    "sales_count":null,
    "image_url":"https:\/\/img08.weeecdn.net\/item\/image\/500\/297\/214BA7CCA1977011.jpeg!c560x560_q80.auto",
    "source_url":"https:\/\/www.sayweee.com\/en\/category\/seasoning07\/Soup-Base?page=1&offset=0&filters=%7B%22catalogue_num%22%3A%22seasoning07%22%7D&trigger_type=taxonomy_seasoning07&filter_sub_category=seasoning"
  },
  {
    "category":"sauce",
    "product_name":"NESTLADY Fish gum yam cordyceps flower soup bag combination soup 70g\/bag 1 count",
    "price":16.71,
    "unit_price":"nan",
    "sales_count":null,
    "image_url":"https:\/\/img08.weeecdn.net\/item\/image\/442\/863\/162776A7923C7DF5.jpeg!c560x560_q80.auto",
    "source_url":"https:\/\/www.sayweee.com\/en\/category\/seasoning07\/Soup-Base?page=1&offset=0&filters=%7B%22catalogue_num%22%3A%22seasoning07%22%7D&trigger_type=taxonomy_seasoning07&filter_sub_category=seasoning"
  },
  {
    "category":"sauce",
    "product_name":"NESTLADY Lotus Seed Lily Jade Bamboo Soup Bag combination soup  60g\/bag 1 count",
    "price":14.07,
    "unit_price":"nan",
    "sales_count":null,
    "image_url":"https:\/\/img08.weeecdn.net\/item\/image\/242\/967\/1031ACE7DC1CE6F3.jpeg!c560x560_q80.auto",
    "source_url":"https:\/\/www.sayweee.com\/en\/category\/seasoning07\/Soup-Base?page=1&offset=0&filters=%7B%22catalogue_num%22%3A%22seasoning07%22%7D&trigger_type=taxonomy_seasoning07&filter_sub_category=seasoning"
  },
  {
    "category":"sauce",
    "product_name":"NESTLADY Ginseng agaricus mushroom soup bag combination soup bag 82g\/bag 1 count",
    "price":16.71,
    "unit_price":"nan",
    "sales_count":null,
    "image_url":"https:\/\/img08.weeecdn.net\/item\/image\/975\/355\/497CD1A6E95279BF.jpeg!c560x560_q80.auto",
    "source_url":"https:\/\/www.sayweee.com\/en\/category\/seasoning07\/Soup-Base?page=1&offset=0&filters=%7B%22catalogue_num%22%3A%22seasoning07%22%7D&trigger_type=taxonomy_seasoning07&filter_sub_category=seasoning"
  },
  {
    "category":"sauce",
    "product_name":"NESTLADY Poria yam soup bag Combination soup bag 55g\/bag 1 count",
    "price":14.07,
    "unit_price":"nan",
    "sales_count":null,
    "image_url":"https:\/\/img08.weeecdn.net\/item\/image\/580\/186\/5C48B4A264274FD9.jpeg!c560x560_q80.auto",
    "source_url":"https:\/\/www.sayweee.com\/en\/category\/seasoning07\/Soup-Base?page=1&offset=0&filters=%7B%22catalogue_num%22%3A%22seasoning07%22%7D&trigger_type=taxonomy_seasoning07&filter_sub_category=seasoning"
  },
  {
    "category":"sauce",
    "product_name":"NESTLADY Ginseng Lily Longan Soup Bag Good for chicken stew 107g\/bag 1 count",
    "price":16.71,
    "unit_price":"nan",
    "sales_count":null,
    "image_url":"https:\/\/img08.weeecdn.net\/item\/image\/653\/115\/79D0A2D9734C0FAF.jpeg!c560x560_q80.auto",
    "source_url":"https:\/\/www.sayweee.com\/en\/category\/seasoning07\/Soup-Base?page=1&offset=0&filters=%7B%22catalogue_num%22%3A%22seasoning07%22%7D&trigger_type=taxonomy_seasoning07&filter_sub_category=seasoning"
  },
  {
    "category":"sauce",
    "product_name":"NESTLADY Sishen Soup Healthy Assorted Soup 95g\/bag 1 count",
    "price":14.95,
    "unit_price":"nan",
    "sales_count":null,
    "image_url":"https:\/\/img08.weeecdn.net\/item\/image\/851\/009\/5D07F543135064A3.jpeg!c560x560_q80.auto",
    "source_url":"https:\/\/www.sayweee.com\/en\/category\/seasoning07\/Soup-Base?page=1&offset=0&filters=%7B%22catalogue_num%22%3A%22seasoning07%22%7D&trigger_type=taxonomy_seasoning07&filter_sub_category=seasoning"
  },
  {
    "category":"sauce",
    "product_name":"NESTLADY Coconut sugar cane thatch soup combination soup bag 65g\/bag 1 count",
    "price":14.07,
    "unit_price":"nan",
    "sales_count":null,
    "image_url":"https:\/\/img08.weeecdn.net\/item\/image\/802\/858\/35BBE398A5ADEDE6.jpeg!c560x560_q80.auto",
    "source_url":"https:\/\/www.sayweee.com\/en\/category\/seasoning07\/Soup-Base?page=1&offset=0&filters=%7B%22catalogue_num%22%3A%22seasoning07%22%7D&trigger_type=taxonomy_seasoning07&filter_sub_category=seasoning"
  },
  {
    "category":"sauce",
    "product_name":"Spicy Golden Soup Base 260 g",
    "price":3.79,
    "unit_price":"nan",
    "sales_count":null,
    "image_url":"https:\/\/img08.weeecdn.net\/item\/image\/813\/127\/44BC48D19EA67E98.png!c560x560_q80.auto",
    "source_url":"https:\/\/www.sayweee.com\/en\/category\/seasoning07\/Soup-Base?page=1&offset=0&filters=%7B%22catalogue_num%22%3A%22seasoning07%22%7D&trigger_type=taxonomy_seasoning07&filter_sub_category=seasoning"
  },
  {
    "category":"sauce",
    "product_name":"President soup Package No. 4 Tonic fish Soup 90 g",
    "price":9.99,
    "unit_price":"$0.11\/g",
    "sales_count":null,
    "image_url":"https:\/\/img08.weeecdn.net\/item\/image\/866\/762\/72A5953F3B4A68C4.jpeg!c560x560_q80.auto",
    "source_url":"https:\/\/www.sayweee.com\/en\/category\/seasoning07\/Soup-Base?page=1&offset=0&filters=%7B%22catalogue_num%22%3A%22seasoning07%22%7D&trigger_type=taxonomy_seasoning07&filter_sub_category=seasoning"
  },
  {
    "category":"sauce",
    "product_name":"President's Soup Pack no. 2 Sydney Lean Soup 80 g",
    "price":9.99,
    "unit_price":"$0.12\/g",
    "sales_count":null,
    "image_url":"https:\/\/img08.weeecdn.net\/item\/image\/970\/263\/6EC47FA3AD117E3.jpeg!c560x560_q80.auto",
    "source_url":"https:\/\/www.sayweee.com\/en\/category\/seasoning07\/Soup-Base?page=1&offset=0&filters=%7B%22catalogue_num%22%3A%22seasoning07%22%7D&trigger_type=taxonomy_seasoning07&filter_sub_category=seasoning"
  },
  {
    "category":"sauce",
    "product_name":"HOUSE JAPAN HOUKAIIDO Stew Corn Cream 180g* 2 count",
    "price":11.88,
    "unit_price":"$5.94\/count",
    "sales_count":null,
    "image_url":"https:\/\/img08.weeecdn.net\/item\/image\/734\/106\/61325C72C37D07CE.jpeg!c560x560_q80.auto",
    "source_url":"https:\/\/www.sayweee.com\/en\/category\/seasoning07\/Soup-Base?page=1&offset=0&filters=%7B%22catalogue_num%22%3A%22seasoning07%22%7D&trigger_type=taxonomy_seasoning07&filter_sub_category=seasoning"
  },
  {
    "category":"sauce",
    "product_name":"Vegetable Dashi Soup Base and Seasoning 3.17 oz",
    "price":18.49,
    "unit_price":"$5.83\/oz",
    "sales_count":null,
    "image_url":"https:\/\/img08.weeecdn.net\/product\/image\/062\/100\/28B17A81ED9CCDCE.png!c560x560_q80.auto",
    "source_url":"https:\/\/www.sayweee.com\/en\/category\/seasoning07\/Soup-Base?page=1&offset=0&filters=%7B%22catalogue_num%22%3A%22seasoning07%22%7D&trigger_type=taxonomy_seasoning07&filter_sub_category=seasoning"
  },
  {
    "category":"sauce",
    "product_name":"Barona Mushroom Hotpot 140 g",
    "price":3.79,
    "unit_price":"$0.76\/oz",
    "sales_count":50.0,
    "image_url":"https:\/\/img08.weeecdn.net\/product\/image\/570\/912\/6E39AA7A5717F311.jpeg!c560x560_q80.auto",
    "source_url":"https:\/\/www.sayweee.com\/en\/category\/seasoning07\/Soup-Base?page=1&offset=0&filters=%7B%22catalogue_num%22%3A%22seasoning07%22%7D&trigger_type=taxonomy_seasoning07&filter_sub_category=seasoning"
  },
  {
    "category":"sauce",
    "product_name":"Ajinomoto Chicken Soup Stock 110 g",
    "price":8.99,
    "unit_price":"$2.31\/oz",
    "sales_count":300.0,
    "image_url":"https:\/\/img08.weeecdn.net\/product\/image\/085\/086\/660CB7F2BEFE655C.png!c560x560_q80.auto",
    "source_url":"https:\/\/www.sayweee.com\/en\/category\/seasoning07\/Soup-Base?page=1&offset=0&filters=%7B%22catalogue_num%22%3A%22seasoning07%22%7D&trigger_type=taxonomy_seasoning07&filter_sub_category=seasoning"
  },
  {
    "category":"sauce",
    "product_name":"AJINOMOTO Concentrated Hotpot Soup Base Seafood Pot  7pcs 60g* 2 count",
    "price":12.99,
    "unit_price":"$6.49\/count",
    "sales_count":null,
    "image_url":"https:\/\/img08.weeecdn.net\/item\/image\/904\/248\/7D633763538428D.jpeg!c560x560_q80.auto",
    "source_url":"https:\/\/www.sayweee.com\/en\/category\/seasoning07\/Soup-Base?page=1&offset=0&filters=%7B%22catalogue_num%22%3A%22seasoning07%22%7D&trigger_type=taxonomy_seasoning07&filter_sub_category=seasoning"
  },
  {
    "category":"sauce",
    "product_name":"Yaoyikou Kaili Chili Sour Soup Sauce 380 g",
    "price":3.99,
    "unit_price":"$0.29\/oz",
    "sales_count":50.0,
    "image_url":"https:\/\/img08.weeecdn.net\/product\/image\/049\/555\/3C70B631831931D6.png!c560x560_q80.auto",
    "source_url":"https:\/\/www.sayweee.com\/en\/category\/seasoning07\/Soup-Base?page=1&offset=0&filters=%7B%22catalogue_num%22%3A%22seasoning07%22%7D&trigger_type=taxonomy_seasoning07&filter_sub_category=seasoning"
  },
  {
    "category":"sauce",
    "product_name":"[TOTOLE] Granulated Chicken Flavor Soup Base Mix - 2.2 lb",
    "price":15.29,
    "unit_price":"$6.95\/lb",
    "sales_count":null,
    "image_url":"https:\/\/img08.weeecdn.net\/item\/image\/294\/512\/3C2FDE612CE1CA84.png!c560x560_q80.auto",
    "source_url":"https:\/\/www.sayweee.com\/en\/category\/seasoning07\/Soup-Base?page=1&offset=0&filters=%7B%22catalogue_num%22%3A%22seasoning07%22%7D&trigger_type=taxonomy_seasoning07&filter_sub_category=seasoning"
  },
  {
    "category":"sauce",
    "product_name":"Kaili Sour Spicy Hotpot Base 380 g",
    "price":4.39,
    "unit_price":"nan",
    "sales_count":null,
    "image_url":"https:\/\/img08.weeecdn.net\/item\/image\/023\/501\/6A659F1D619719B3.png!c560x560_q80.auto",
    "source_url":"https:\/\/www.sayweee.com\/en\/category\/seasoning07\/Soup-Base?page=1&offset=0&filters=%7B%22catalogue_num%22%3A%22seasoning07%22%7D&trigger_type=taxonomy_seasoning07&filter_sub_category=seasoning"
  },
  {
    "category":"sauce",
    "product_name":"KOUKISHOKO Chinese soup base 250 g",
    "price":11.99,
    "unit_price":"$0.04\/g",
    "sales_count":null,
    "image_url":"https:\/\/img08.weeecdn.net\/item\/image\/835\/011\/2E23538FC004BE65.jpeg!c560x560_q80.auto",
    "source_url":"https:\/\/www.sayweee.com\/en\/category\/seasoning07\/Soup-Base?page=1&offset=0&filters=%7B%22catalogue_num%22%3A%22seasoning07%22%7D&trigger_type=taxonomy_seasoning07&filter_sub_category=seasoning"
  },
  {
    "category":"sauce",
    "product_name":"FaThai Concentrated Noodle Soup, Pa-Lo Flavored 12.3 oz",
    "price":4.09,
    "unit_price":"$0.33\/oz",
    "sales_count":null,
    "image_url":"https:\/\/img08.weeecdn.net\/item\/image\/957\/886\/566329F4369F8105.jpeg!c560x560_q80.auto",
    "source_url":"https:\/\/www.sayweee.com\/en\/category\/seasoning07\/Soup-Base?page=1&offset=0&filters=%7B%22catalogue_num%22%3A%22seasoning07%22%7D&trigger_type=taxonomy_seasoning07&filter_sub_category=seasoning"
  },
  {
    "category":"sauce",
    "product_name":"FaThai Concentrated Japanese Sukiyaki Soup (Shabu), Thai Product 9.15 oz",
    "price":4.69,
    "unit_price":"$0.51\/oz",
    "sales_count":null,
    "image_url":"https:\/\/img08.weeecdn.net\/item\/image\/510\/186\/E91EB7170C07F68.jpeg!c560x560_q80.auto",
    "source_url":"https:\/\/www.sayweee.com\/en\/category\/seasoning07\/Soup-Base?page=1&offset=0&filters=%7B%22catalogue_num%22%3A%22seasoning07%22%7D&trigger_type=taxonomy_seasoning07&filter_sub_category=seasoning"
  },
  {
    "category":"sauce",
    "product_name":"FaThai Concentrated Jaew Hon Thai Hot Pot Soup 5.25 oz",
    "price":4.29,
    "unit_price":"$0.81\/oz",
    "sales_count":null,
    "image_url":"https:\/\/img08.weeecdn.net\/item\/image\/509\/680\/E8A159BB91D636.jpeg!c560x560_q80.auto",
    "source_url":"https:\/\/www.sayweee.com\/en\/category\/seasoning07\/Soup-Base?page=1&offset=0&filters=%7B%22catalogue_num%22%3A%22seasoning07%22%7D&trigger_type=taxonomy_seasoning07&filter_sub_category=seasoning"
  },
  {
    "category":"sauce",
    "product_name":"Boutique Shanzhen Ten Mushroom Soup Bun 50g 50 g",
    "price":9.23,
    "unit_price":"$0.18\/g",
    "sales_count":null,
    "image_url":"https:\/\/img08.weeecdn.net\/item\/image\/679\/326\/5D2981792E9FDA47.png.jpeg!c560x560_q80.auto",
    "source_url":"https:\/\/www.sayweee.com\/en\/category\/seasoning07\/Soup-Base?page=1&offset=0&filters=%7B%22catalogue_num%22%3A%22seasoning07%22%7D&trigger_type=taxonomy_seasoning07&filter_sub_category=seasoning"
  },
  {
    "category":"sauce",
    "product_name":"Foods Beef Flavored \"Pho\" Soup Base Cot Pho Bo 1 each",
    "price":17.99,
    "unit_price":"nan",
    "sales_count":null,
    "image_url":"https:\/\/img08.weeecdn.net\/item\/image\/783\/577\/C62ABB75B3A0C3D.jpeg!c560x560_q80.auto",
    "source_url":"https:\/\/www.sayweee.com\/en\/category\/seasoning07\/Soup-Base?page=1&offset=0&filters=%7B%22catalogue_num%22%3A%22seasoning07%22%7D&trigger_type=taxonomy_seasoning07&filter_sub_category=seasoning"
  },
  {
    "category":"sauce",
    "product_name":"Quoc Viet Soup Base, Hue Style Beef Flavor 10 oz 1 each",
    "price":9.52,
    "unit_price":"nan",
    "sales_count":null,
    "image_url":"https:\/\/img08.weeecdn.net\/item\/image\/741\/124\/558E99BB53C40CFA.png!c560x560_q80.auto",
    "source_url":"https:\/\/www.sayweee.com\/en\/category\/seasoning07\/Soup-Base?page=1&offset=0&filters=%7B%22catalogue_num%22%3A%22seasoning07%22%7D&trigger_type=taxonomy_seasoning07&filter_sub_category=seasoning"
  },
  {
    "category":"sauce",
    "product_name":"Knorr Tomato Based Pasta Soup Mix 3.5 oz",
    "price":1.99,
    "unit_price":"$0.56\/oz",
    "sales_count":null,
    "image_url":"https:\/\/img08.weeecdn.net\/item\/image\/937\/208\/1497590F001FE713.jpg!c560x560_q80.auto",
    "source_url":"https:\/\/www.sayweee.com\/en\/category\/seasoning07\/Soup-Base?page=1&offset=0&filters=%7B%22catalogue_num%22%3A%22seasoning07%22%7D&trigger_type=taxonomy_seasoning07&filter_sub_category=seasoning"
  },
  {
    "category":"sauce",
    "product_name":"HOUSE JAPAN HOUKAIIDO Stew Scallop Cream 144g* 2 count",
    "price":13.99,
    "unit_price":"$6.99\/count",
    "sales_count":null,
    "image_url":"https:\/\/img08.weeecdn.net\/item\/image\/483\/330\/243E9E47DB9FD60D.jpeg!c560x560_q80.auto",
    "source_url":"https:\/\/www.sayweee.com\/en\/category\/seasoning07\/Soup-Base?page=1&offset=0&filters=%7B%22catalogue_num%22%3A%22seasoning07%22%7D&trigger_type=taxonomy_seasoning07&filter_sub_category=seasoning"
  },
  {
    "category":"sauce",
    "product_name":"AJINOMOTO Concentrated Hotpot Soup  7pcs 58g * 2 count",
    "price":12.99,
    "unit_price":"$6.49\/count",
    "sales_count":null,
    "image_url":"https:\/\/img08.weeecdn.net\/item\/image\/034\/592\/1E3C0AFA8667DDB4.jpeg!c560x560_q80.auto",
    "source_url":"https:\/\/www.sayweee.com\/en\/category\/seasoning07\/Soup-Base?page=1&offset=0&filters=%7B%22catalogue_num%22%3A%22seasoning07%22%7D&trigger_type=taxonomy_seasoning07&filter_sub_category=seasoning"
  },
  {
    "category":"sauce",
    "product_name":"Ebara Petite Pot with Clams And Scallops Salt Pot 1 each",
    "price":6.99,
    "unit_price":"nan",
    "sales_count":null,
    "image_url":"https:\/\/img08.weeecdn.net\/item\/image\/622\/844\/A2ED6C22F95D5DA.jpeg!c560x560_q80.auto",
    "source_url":"https:\/\/www.sayweee.com\/en\/category\/seasoning07\/Soup-Base?page=1&offset=0&filters=%7B%22catalogue_num%22%3A%22seasoning07%22%7D&trigger_type=taxonomy_seasoning07&filter_sub_category=seasoning"
  },
  {
    "category":"sauce",
    "product_name":"Yaki Nodoguro Dashi 54 g",
    "price":6.49,
    "unit_price":"$3.39\/oz",
    "sales_count":null,
    "image_url":"https:\/\/img08.weeecdn.net\/product\/image\/696\/754\/625B7F290373331B.png!c560x560_q80.auto",
    "source_url":"https:\/\/www.sayweee.com\/en\/category\/seasoning07\/Soup-Base?page=1&offset=0&filters=%7B%22catalogue_num%22%3A%22seasoning07%22%7D&trigger_type=taxonomy_seasoning07&filter_sub_category=seasoning"
  },
  {
    "category":"sauce",
    "product_name":"Ajinomoto Pot Cube Spicy Kimchi 7pcs\/ 1 pack",
    "price":7.99,
    "unit_price":"nan",
    "sales_count":null,
    "image_url":"https:\/\/img08.weeecdn.net\/item\/image\/601\/970\/1102373A83E2348A.jpeg!c560x560_q80.auto",
    "source_url":"https:\/\/www.sayweee.com\/en\/category\/seasoning07\/Soup-Base?page=1&offset=0&filters=%7B%22catalogue_num%22%3A%22seasoning07%22%7D&trigger_type=taxonomy_seasoning07&filter_sub_category=seasoning"
  },
  {
    "category":"sauce",
    "product_name":"Taiwan Dong Quai Duck Soup Base 70 g",
    "price":8.99,
    "unit_price":"$0.12\/g",
    "sales_count":null,
    "image_url":"https:\/\/img08.weeecdn.net\/item\/image\/811\/868\/473F02BE3497B96E.jpeg!c560x560_q80.auto",
    "source_url":"https:\/\/www.sayweee.com\/en\/category\/seasoning07\/Soup-Base?page=1&offset=0&filters=%7B%22catalogue_num%22%3A%22seasoning07%22%7D&trigger_type=taxonomy_seasoning07&filter_sub_category=seasoning"
  },
  {
    "category":"sauce",
    "product_name":"Totole Granulated Chicken Flavor Soup Base Mix 5.0lb 1 each",
    "price":29.12,
    "unit_price":"nan",
    "sales_count":null,
    "image_url":"https:\/\/img08.weeecdn.net\/item\/image\/931\/288\/52C1878C8E4D03F.png!c560x560_q80.auto",
    "source_url":"https:\/\/www.sayweee.com\/en\/category\/seasoning07\/Soup-Base?page=1&offset=0&filters=%7B%22catalogue_num%22%3A%22seasoning07%22%7D&trigger_type=taxonomy_seasoning07&filter_sub_category=seasoning"
  },
  {
    "category":"sauce",
    "product_name":"Ajinomoto Rich White Hot Pot Soup Cubes 64g 1 each",
    "price":4.8,
    "unit_price":"nan",
    "sales_count":null,
    "image_url":"https:\/\/img08.weeecdn.net\/item\/image\/099\/003\/67FA5795297164FF.png.jpeg!c560x560_q80.auto",
    "source_url":"https:\/\/www.sayweee.com\/en\/category\/seasoning07\/Soup-Base?page=1&offset=0&filters=%7B%22catalogue_num%22%3A%22seasoning07%22%7D&trigger_type=taxonomy_seasoning07&filter_sub_category=seasoning"
  },
  {
    "category":"sauce",
    "product_name":"Bobo chicken seasoning 50g * 1 bag 50 g",
    "price":3.59,
    "unit_price":"$0.07\/g",
    "sales_count":null,
    "image_url":"https:\/\/img08.weeecdn.net\/item\/image\/190\/568\/5046324DAB721A38.png.jpeg!c560x560_q80.auto",
    "source_url":"https:\/\/www.sayweee.com\/en\/category\/seasoning07\/Soup-Base?page=1&offset=0&filters=%7B%22catalogue_num%22%3A%22seasoning07%22%7D&trigger_type=taxonomy_seasoning07&filter_sub_category=seasoning"
  },
  {
    "category":"sauce",
    "product_name":"Wang Gang Hot Pot Seasoni 500 g",
    "price":22.11,
    "unit_price":"$0.04\/g",
    "sales_count":null,
    "image_url":"https:\/\/img08.weeecdn.net\/item\/image\/245\/498\/25DED57AC04F8AD9.jpeg!c560x560_q80.auto",
    "source_url":"https:\/\/www.sayweee.com\/en\/category\/seasoning07\/Soup-Base?page=1&offset=0&filters=%7B%22catalogue_num%22%3A%22seasoning07%22%7D&trigger_type=taxonomy_seasoning07&filter_sub_category=seasoning"
  },
  {
    "category":"sauce",
    "product_name":"Ginseng Stewed Chicken Soup Ingredients 100 g",
    "price":7.66,
    "unit_price":"$0.07\/g",
    "sales_count":null,
    "image_url":"https:\/\/img08.weeecdn.net\/item\/image\/044\/164\/1052473E6196EEBA.webp!c560x560_q80.auto",
    "source_url":"https:\/\/www.sayweee.com\/en\/category\/seasoning07\/Soup-Base?page=1&offset=0&filters=%7B%22catalogue_num%22%3A%22seasoning07%22%7D&trigger_type=taxonomy_seasoning07&filter_sub_category=seasoning"
  },
  {
    "category":"sauce",
    "product_name":"Hao Ren Jia boiled pork slices 100g*1 bag 100 g",
    "price":5.85,
    "unit_price":"$0.05\/g",
    "sales_count":null,
    "image_url":"https:\/\/img08.weeecdn.net\/item\/image\/119\/330\/6F2336CAB6021B1C.webp!c560x560_q80.auto",
    "source_url":"https:\/\/www.sayweee.com\/en\/category\/seasoning07\/Soup-Base?page=1&offset=0&filters=%7B%22catalogue_num%22%3A%22seasoning07%22%7D&trigger_type=taxonomy_seasoning07&filter_sub_category=seasoning"
  },
  {
    "category":"sauce",
    "product_name":"KOUKISHOKO Chinese Seafood Soup Base 250g\/ 1 can",
    "price":11.99,
    "unit_price":"nan",
    "sales_count":null,
    "image_url":"https:\/\/img08.weeecdn.net\/item\/image\/904\/488\/6EF32272DF98FB6E.jpeg!c560x560_q80.auto",
    "source_url":"https:\/\/www.sayweee.com\/en\/category\/seasoning07\/Soup-Base?page=1&offset=0&filters=%7B%22catalogue_num%22%3A%22seasoning07%22%7D&trigger_type=taxonomy_seasoning07&filter_sub_category=seasoning"
  },
  {
    "category":"sauce",
    "product_name":"Taiwan Herbal Ginger Duck Soup Base 70 g",
    "price":7.99,
    "unit_price":"$0.11\/g",
    "sales_count":null,
    "image_url":"https:\/\/img08.weeecdn.net\/item\/image\/632\/806\/4FD570C88EA71493.jpeg!c560x560_q80.auto",
    "source_url":"https:\/\/www.sayweee.com\/en\/category\/seasoning07\/Soup-Base?page=1&offset=0&filters=%7B%22catalogue_num%22%3A%22seasoning07%22%7D&trigger_type=taxonomy_seasoning07&filter_sub_category=seasoning"
  },
  {
    "category":"sauce",
    "product_name":"Taiwan Herbal Pork Rib Soup Base 70 g",
    "price":8.99,
    "unit_price":"$0.12\/g",
    "sales_count":null,
    "image_url":"https:\/\/img08.weeecdn.net\/item\/image\/474\/336\/643623E9DFFD7D95.jpeg!c560x560_q80.auto",
    "source_url":"https:\/\/www.sayweee.com\/en\/category\/seasoning07\/Soup-Base?page=1&offset=0&filters=%7B%22catalogue_num%22%3A%22seasoning07%22%7D&trigger_type=taxonomy_seasoning07&filter_sub_category=seasoning"
  },
  {
    "category":"sauce",
    "product_name":"Quoc Viet Chicken Pho Soup Base, Pho Ga 10 oz 1 each",
    "price":9.52,
    "unit_price":"nan",
    "sales_count":null,
    "image_url":"https:\/\/img08.weeecdn.net\/item\/image\/113\/644\/D606B1642057472.jpeg!c560x560_q80.auto",
    "source_url":"https:\/\/www.sayweee.com\/en\/category\/seasoning07\/Soup-Base?page=1&offset=0&filters=%7B%22catalogue_num%22%3A%22seasoning07%22%7D&trigger_type=taxonomy_seasoning07&filter_sub_category=seasoning"
  },
  {
    "category":"sauce",
    "product_name":"Quoc Viet Crab Soup Base, Cot Bun Rieu 10 oz 1 each",
    "price":9.52,
    "unit_price":"nan",
    "sales_count":null,
    "image_url":"https:\/\/img08.weeecdn.net\/item\/image\/369\/402\/2E5C1FAA84F0D1FA.png!c560x560_q80.auto",
    "source_url":"https:\/\/www.sayweee.com\/en\/category\/seasoning07\/Soup-Base?page=1&offset=0&filters=%7B%22catalogue_num%22%3A%22seasoning07%22%7D&trigger_type=taxonomy_seasoning07&filter_sub_category=seasoning"
  },
  {
    "category":"sauce",
    "product_name":"Quoc Viet Vietnamese Beef Stew Base 10 oz 1 each",
    "price":9.52,
    "unit_price":"nan",
    "sales_count":null,
    "image_url":"https:\/\/img08.weeecdn.net\/item\/image\/870\/254\/5FAB005FB62510DA.png!c560x560_q80.auto",
    "source_url":"https:\/\/www.sayweee.com\/en\/category\/seasoning07\/Soup-Base?page=1&offset=0&filters=%7B%22catalogue_num%22%3A%22seasoning07%22%7D&trigger_type=taxonomy_seasoning07&filter_sub_category=seasoning"
  },
  {
    "category":"sauce",
    "product_name":"Shooloongkan Qiaofootbeefbasesouppotraw166g*5pcs 166 g",
    "price":10.79,
    "unit_price":"$0.06\/g",
    "sales_count":null,
    "image_url":"https:\/\/img08.weeecdn.net\/item\/image\/393\/122\/6FA358B807E56AF0.png.jpeg!c560x560_q80.auto",
    "source_url":"https:\/\/www.sayweee.com\/en\/category\/seasoning07\/Soup-Base?page=1&offset=0&filters=%7B%22catalogue_num%22%3A%22seasoning07%22%7D&trigger_type=taxonomy_seasoning07&filter_sub_category=seasoning"
  },
  {
    "category":"sauce",
    "product_name":"Carrying Mountains and Traveling Yunnan Mountain Treasures Wild Colorful Mushroom Soup Package 70g * 2 Bags Stewed Chicken and Sheep Belly Mushroom Mountain Treasures Soup Ingredients 140 g",
    "price":18.96,
    "unit_price":"$0.13\/g",
    "sales_count":null,
    "image_url":"https:\/\/img08.weeecdn.net\/item\/image\/838\/901\/77FA207A2C17856E.webp!c560x560_q80.auto",
    "source_url":"https:\/\/www.sayweee.com\/en\/category\/seasoning07\/Soup-Base?page=1&offset=0&filters=%7B%22catalogue_num%22%3A%22seasoning07%22%7D&trigger_type=taxonomy_seasoning07&filter_sub_category=seasoning"
  },
  {
    "category":"sauce",
    "product_name":"Glico Aunt Claire Cream Stew 142g 1 box",
    "price":5.03,
    "unit_price":"nan",
    "sales_count":null,
    "image_url":"https:\/\/img08.weeecdn.net\/item\/image\/243\/873\/4EAEEA2C8E85E9A.jpeg!c560x560_q80.auto",
    "source_url":"https:\/\/www.sayweee.com\/en\/category\/seasoning07\/Soup-Base?page=1&offset=0&filters=%7B%22catalogue_num%22%3A%22seasoning07%22%7D&trigger_type=taxonomy_seasoning07&filter_sub_category=seasoning"
  },
  {
    "category":"sauce",
    "product_name":"Haidilao Clear soup hot pot base 110 g",
    "price":8.59,
    "unit_price":"$0.07\/g",
    "sales_count":null,
    "image_url":"https:\/\/img08.weeecdn.net\/item\/image\/247\/715\/77A4DB3AB2897A95.jpeg!c560x560_q80.auto",
    "source_url":"https:\/\/www.sayweee.com\/en\/category\/seasoning07\/Soup-Base?page=1&offset=0&filters=%7B%22catalogue_num%22%3A%22seasoning07%22%7D&trigger_type=taxonomy_seasoning07&filter_sub_category=seasoning"
  },
  {
    "category":"sauce",
    "product_name":"Little sheep soup hot pot base 160 g",
    "price":8.81,
    "unit_price":"$0.05\/g",
    "sales_count":null,
    "image_url":"https:\/\/img08.weeecdn.net\/item\/image\/407\/993\/22174D503DEE4A4B.jpeg!c560x560_q80.auto",
    "source_url":"https:\/\/www.sayweee.com\/en\/category\/seasoning07\/Soup-Base?page=1&offset=0&filters=%7B%22catalogue_num%22%3A%22seasoning07%22%7D&trigger_type=taxonomy_seasoning07&filter_sub_category=seasoning"
  },
  {
    "category":"sauce",
    "product_name":"Marumiya Mapo Tofu Seasoning Spicy 3servingsx2bags 1 each",
    "price":4.52,
    "unit_price":"nan",
    "sales_count":null,
    "image_url":"https:\/\/img08.weeecdn.net\/item\/image\/653\/128\/1B470E36C8F1B2EE.jpeg!c560x560_q80.auto",
    "source_url":"https:\/\/www.sayweee.com\/en\/category\/seasoning07\/Soup-Base?page=1&offset=0&filters=%7B%22catalogue_num%22%3A%22seasoning07%22%7D&trigger_type=taxonomy_seasoning07&filter_sub_category=seasoning"
  },
  {
    "category":"sauce",
    "product_name":"A wave of fresh vegetables and hibiscus instant soup 6g*5 sachets 30 g",
    "price":3.98,
    "unit_price":"$0.13\/g",
    "sales_count":null,
    "image_url":"https:\/\/img08.weeecdn.net\/item\/image\/324\/352\/3670A22A4D96349E.webp!c560x560_q80.auto",
    "source_url":"https:\/\/www.sayweee.com\/en\/category\/seasoning07\/Soup-Base?page=1&offset=0&filters=%7B%22catalogue_num%22%3A%22seasoning07%22%7D&trigger_type=taxonomy_seasoning07&filter_sub_category=seasoning"
  },
  {
    "category":"sauce",
    "product_name":"Ba He Li Hai Ji Sha Cha Hot Pot Sauce 200g * 1 can Chaoshan Shadi Sauce seasoning mixed with noodles dipping sauce 200 g",
    "price":13.85,
    "unit_price":"$0.06\/g",
    "sales_count":null,
    "image_url":"https:\/\/img08.weeecdn.net\/item\/image\/653\/562\/F36268B0BEE5218.webp!c560x560_q80.auto",
    "source_url":"https:\/\/www.sayweee.com\/en\/category\/seasoning07\/Soup-Base?page=1&offset=0&filters=%7B%22catalogue_num%22%3A%22seasoning07%22%7D&trigger_type=taxonomy_seasoning07&filter_sub_category=seasoning"
  },
  {
    "category":"sauce",
    "product_name":"Wheat field black soil golden soup chicken soup base 120g * 1 box of Guangzhou style edging stove golden soup Spicy Hot Pot rice noodle soup 120 g",
    "price":11.95,
    "unit_price":"$0.09\/g",
    "sales_count":null,
    "image_url":"https:\/\/img08.weeecdn.net\/item\/image\/564\/375\/55FCDA92D4005876.jpeg!c560x560_q80.auto",
    "source_url":"https:\/\/www.sayweee.com\/en\/category\/seasoning07\/Soup-Base?page=1&offset=0&filters=%7B%22catalogue_num%22%3A%22seasoning07%22%7D&trigger_type=taxonomy_seasoning07&filter_sub_category=seasoning"
  },
  {
    "category":"sauce",
    "product_name":"Sichuan Leshan hot pot base soup base beef noodles 80 g",
    "price":6.14,
    "unit_price":"$0.07\/g",
    "sales_count":null,
    "image_url":"https:\/\/img08.weeecdn.net\/item\/image\/503\/493\/466EF10BDB275843.jpeg!c560x560_q80.auto",
    "source_url":"https:\/\/www.sayweee.com\/en\/category\/seasoning07\/Soup-Base?page=1&offset=0&filters=%7B%22catalogue_num%22%3A%22seasoning07%22%7D&trigger_type=taxonomy_seasoning07&filter_sub_category=seasoning"
  },
  {
    "category":"sauce",
    "product_name":"Vegetarian Mushroom Hot Pot Broth 750 g",
    "price":15.0,
    "unit_price":"nan",
    "sales_count":null,
    "image_url":"https:\/\/img08.weeecdn.net\/item\/image\/894\/997\/4143CB398EA948BF.png!c560x560_q80.auto",
    "source_url":"https:\/\/www.sayweee.com\/en\/category\/seasoning07\/Soup-Base?page=1&offset=0&filters=%7B%22catalogue_num%22%3A%22seasoning07%22%7D&trigger_type=taxonomy_seasoning07&filter_sub_category=seasoning"
  },
  {
    "category":"sauce",
    "product_name":"5 small packet Fu Xiaobing stewed beef and sheep soup seasoning packet 40 g",
    "price":5.74,
    "unit_price":"$0.14\/g",
    "sales_count":null,
    "image_url":"https:\/\/img08.weeecdn.net\/item\/image\/965\/366\/269E286B5FDC84A6.jpeg!c560x560_q80.auto",
    "source_url":"https:\/\/www.sayweee.com\/en\/category\/seasoning07\/Soup-Base?page=1&offset=0&filters=%7B%22catalogue_num%22%3A%22seasoning07%22%7D&trigger_type=taxonomy_seasoning07&filter_sub_category=seasoning"
  },
  {
    "category":"sauce",
    "product_name":"Lee Kum Kee Chicken Bouillon Powder 8oz 1 each",
    "price":7.17,
    "unit_price":"nan",
    "sales_count":null,
    "image_url":"https:\/\/img08.weeecdn.net\/item\/image\/389\/731\/66243B43220AE92.jpeg!c560x560_q80.auto",
    "source_url":"https:\/\/www.sayweee.com\/en\/category\/seasoning07\/Soup-Base?page=1&offset=0&filters=%7B%22catalogue_num%22%3A%22seasoning07%22%7D&trigger_type=taxonomy_seasoning07&filter_sub_category=seasoning"
  },
  {
    "category":"sauce",
    "product_name":"Coconut Curry Sauce 175g * 1 bottle 175 g",
    "price":17.89,
    "unit_price":"$0.10\/g",
    "sales_count":null,
    "image_url":"https:\/\/img08.weeecdn.net\/item\/image\/370\/727\/18C7287771BFCF1B.jpeg!c560x560_q80.auto",
    "source_url":"https:\/\/www.sayweee.com\/en\/category\/seasoning07\/Soup-Base?page=1&offset=0&filters=%7B%22catalogue_num%22%3A%22seasoning07%22%7D&trigger_type=taxonomy_seasoning07&filter_sub_category=seasoning"
  },
  {
    "category":"sauce",
    "product_name":"Lanzhou ramen soup stock250g *1 can 250 g",
    "price":15.03,
    "unit_price":"$0.06\/g",
    "sales_count":null,
    "image_url":"https:\/\/img08.weeecdn.net\/item\/image\/607\/456\/4CF5C9A4959CA644.webp!c560x560_q80.auto",
    "source_url":"https:\/\/www.sayweee.com\/en\/category\/seasoning07\/Soup-Base?page=1&offset=0&filters=%7B%22catalogue_num%22%3A%22seasoning07%22%7D&trigger_type=taxonomy_seasoning07&filter_sub_category=seasoning"
  },
  {
    "category":"sauce",
    "product_name":"Haidi Lao Express Chef Mapo Tofu Seasoning Mix 80 g",
    "price":7.99,
    "unit_price":"$0.09\/g",
    "sales_count":null,
    "image_url":"https:\/\/img08.weeecdn.net\/item\/image\/475\/386\/6A90B1B8745BEF10.jpeg!c560x560_q80.auto",
    "source_url":"https:\/\/www.sayweee.com\/en\/category\/seasoning07\/Soup-Base?page=1&offset=0&filters=%7B%22catalogue_num%22%3A%22seasoning07%22%7D&trigger_type=taxonomy_seasoning07&filter_sub_category=seasoning"
  },
  {
    "category":"sauce",
    "product_name":"Bailidong Yin Gong Soup Recipe Package 200g *1 Bag 200 g",
    "price":12.59,
    "unit_price":"$0.06\/g",
    "sales_count":null,
    "image_url":"https:\/\/img08.weeecdn.net\/item\/image\/667\/498\/6CFAC3EEF6C360C1.jpeg!c560x560_q80.auto",
    "source_url":"https:\/\/www.sayweee.com\/en\/category\/seasoning07\/Soup-Base?page=1&offset=0&filters=%7B%22catalogue_num%22%3A%22seasoning07%22%7D&trigger_type=taxonomy_seasoning07&filter_sub_category=seasoning"
  },
  {
    "category":"sauce",
    "product_name":"Spicy sauce, small seafood seasoning sauce*1 1000 g",
    "price":50.65,
    "unit_price":"$0.05\/g",
    "sales_count":null,
    "image_url":"https:\/\/img08.weeecdn.net\/item\/image\/010\/002\/3EFFF2850A56BF84.webp!c560x560_q80.auto",
    "source_url":"https:\/\/www.sayweee.com\/en\/category\/seasoning07\/Soup-Base?page=1&offset=0&filters=%7B%22catalogue_num%22%3A%22seasoning07%22%7D&trigger_type=taxonomy_seasoning07&filter_sub_category=seasoning"
  },
  {
    "category":"sauce",
    "product_name":"Yunnan mushroom bun 100 g",
    "price":8.39,
    "unit_price":"$0.08\/g",
    "sales_count":null,
    "image_url":"https:\/\/img08.weeecdn.net\/item\/image\/727\/034\/1DCAF58D5E814078.png.jpeg!c560x560_q80.auto",
    "source_url":"https:\/\/www.sayweee.com\/en\/category\/seasoning07\/Soup-Base?page=1&offset=0&filters=%7B%22catalogue_num%22%3A%22seasoning07%22%7D&trigger_type=taxonomy_seasoning07&filter_sub_category=seasoning"
  },
  {
    "category":"sauce",
    "product_name":"Honey sauce char siu sauce 100g * 1 pack 100 g",
    "price":6.31,
    "unit_price":"$0.06\/g",
    "sales_count":null,
    "image_url":"https:\/\/img08.weeecdn.net\/item\/image\/799\/128\/5B625A0B4CFB3E6.webp!c560x560_q80.auto",
    "source_url":"https:\/\/www.sayweee.com\/en\/category\/seasoning07\/Soup-Base?page=1&offset=0&filters=%7B%22catalogue_num%22%3A%22seasoning07%22%7D&trigger_type=taxonomy_seasoning07&filter_sub_category=seasoning"
  },
  {
    "category":"sauce",
    "product_name":"wild perilla sauce 350 g",
    "price":24.53,
    "unit_price":"$0.07\/g",
    "sales_count":null,
    "image_url":"https:\/\/img08.weeecdn.net\/item\/image\/353\/297\/7A7BC404CD1837BE.jpeg!c560x560_q80.auto",
    "source_url":"https:\/\/www.sayweee.com\/en\/category\/seasoning07\/Soup-Base?page=1&offset=0&filters=%7B%22catalogue_num%22%3A%22seasoning07%22%7D&trigger_type=taxonomy_seasoning07&filter_sub_category=seasoning"
  },
  {
    "category":"sauce",
    "product_name":"Tofu pudding sauce *1 bag 80 g",
    "price":9.99,
    "unit_price":"$0.12\/g",
    "sales_count":null,
    "image_url":"https:\/\/img08.weeecdn.net\/item\/image\/086\/370\/10FEB3D3D23CFA06.webp!c560x560_q80.auto",
    "source_url":"https:\/\/www.sayweee.com\/en\/category\/seasoning07\/Soup-Base?page=1&offset=0&filters=%7B%22catalogue_num%22%3A%22seasoning07%22%7D&trigger_type=taxonomy_seasoning07&filter_sub_category=seasoning"
  },
  {
    "category":"sauce",
    "product_name":"Wonton soup packet 3.5g*10 packets 35 g",
    "price":7.95,
    "unit_price":"$0.22\/g",
    "sales_count":null,
    "image_url":"https:\/\/img08.weeecdn.net\/item\/image\/002\/212\/72C249959F39C641.jpeg!c560x560_q80.auto",
    "source_url":"https:\/\/www.sayweee.com\/en\/category\/seasoning07\/Soup-Base?page=1&offset=0&filters=%7B%22catalogue_num%22%3A%22seasoning07%22%7D&trigger_type=taxonomy_seasoning07&filter_sub_category=seasoning"
  },
  {
    "category":"sauce",
    "product_name":"Sour soup fatty beef sour and spicy hot pot base*1 50 g",
    "price":3.89,
    "unit_price":"$0.07\/g",
    "sales_count":null,
    "image_url":"https:\/\/img08.weeecdn.net\/item\/image\/466\/723\/6ED5340583AC1AC0.jpeg!c560x560_q80.auto",
    "source_url":"https:\/\/www.sayweee.com\/en\/category\/seasoning07\/Soup-Base?page=1&offset=0&filters=%7B%22catalogue_num%22%3A%22seasoning07%22%7D&trigger_type=taxonomy_seasoning07&filter_sub_category=seasoning"
  },
  {
    "category":"sauce",
    "product_name":"Quoc Viet Beef Flavored PHO BO Soup Base 10 oz",
    "price":8.55,
    "unit_price":"$0.85\/oz",
    "sales_count":null,
    "image_url":"https:\/\/img08.weeecdn.net\/item\/image\/158\/194\/172DD6DAAF647967.png.jpeg!c560x560_q80.auto",
    "source_url":"https:\/\/www.sayweee.com\/en\/category\/seasoning07\/Soup-Base?page=1&offset=0&filters=%7B%22catalogue_num%22%3A%22seasoning07%22%7D&trigger_type=taxonomy_seasoning07&filter_sub_category=seasoning"
  },
  {
    "category":"sauce",
    "product_name":"Wang Gang Hot Pot Seasoning,extra spicy 500 g",
    "price":22.0,
    "unit_price":"$0.04\/g",
    "sales_count":null,
    "image_url":"https:\/\/img08.weeecdn.net\/item\/image\/245\/498\/554D3BC4E3F41215.jpeg!c560x560_q80.auto",
    "source_url":"https:\/\/www.sayweee.com\/en\/category\/seasoning07\/Soup-Base?page=1&offset=0&filters=%7B%22catalogue_num%22%3A%22seasoning07%22%7D&trigger_type=taxonomy_seasoning07&filter_sub_category=seasoning"
  },
  {
    "category":"sauce",
    "product_name":"Choripdong Cold Noodle Broth, Beef Flavor 5pks 59 oz",
    "price":5.99,
    "unit_price":"$0.10\/oz",
    "sales_count":null,
    "image_url":"https:\/\/img08.weeecdn.net\/product\/image\/040\/863\/1013ED7225A90BAE.png!c560x560_q80.auto",
    "source_url":"https:\/\/www.sayweee.com\/en\/category\/seasoning07\/Soup-Base?page=1&offset=0&filters=%7B%22catalogue_num%22%3A%22seasoning07%22%7D&trigger_type=taxonomy_seasoning07&filter_sub_category=seasoning"
  },
  {
    "category":"sauce",
    "product_name":"Shoo Loong Kan Spicy Sichuan Red Beef Soup Base (Spicy Flavor) 160 g",
    "price":3.29,
    "unit_price":"$0.58\/oz",
    "sales_count":100.0,
    "image_url":"https:\/\/img08.weeecdn.net\/product\/image\/610\/838\/31FD9E025FCD53EE.png!c560x560_q80.auto",
    "source_url":"https:\/\/www.sayweee.com\/en\/category\/seasoning07\/Soup-Base?page=1&offset=0&filters=%7B%22catalogue_num%22%3A%22seasoning07%22%7D&trigger_type=taxonomy_seasoning07&filter_sub_category=seasoning"
  },
  {
    "category":"sauce",
    "product_name":"HRJ Clear Soup Hot Pot Base for Beef & Lamb 220 g",
    "price":4.49,
    "unit_price":"$0.57\/oz",
    "sales_count":null,
    "image_url":"https:\/\/img08.weeecdn.net\/product\/image\/475\/382\/253586B484DF7FC6.png!c560x560_q80.auto",
    "source_url":"https:\/\/www.sayweee.com\/en\/category\/seasoning07\/Soup-Base?page=1&offset=0&filters=%7B%22catalogue_num%22%3A%22seasoning07%22%7D&trigger_type=taxonomy_seasoning07&filter_sub_category=seasoning"
  },
  {
    "category":"sauce",
    "product_name":"Choripdong Cold Noodle Broth, Radish Flavor 5pks 59 oz",
    "price":5.49,
    "unit_price":"$0.09\/oz",
    "sales_count":null,
    "image_url":"https:\/\/img08.weeecdn.net\/product\/image\/433\/974\/176116526C33A013.png!c560x560_q80.auto",
    "source_url":"https:\/\/www.sayweee.com\/en\/category\/seasoning07\/Soup-Base?page=1&offset=0&filters=%7B%22catalogue_num%22%3A%22seasoning07%22%7D&trigger_type=taxonomy_seasoning07&filter_sub_category=seasoning"
  },
  {
    "category":"sauce",
    "product_name":"Nora Nido Oriental Soup Mix 62 g",
    "price":2.79,
    "unit_price":"$1.27\/oz",
    "sales_count":50.0,
    "image_url":"https:\/\/img08.weeecdn.net\/item\/image\/230\/250\/6CBD748A3630D1DA.jpeg!c560x560_q80.auto",
    "source_url":"https:\/\/www.sayweee.com\/en\/category\/seasoning07\/Soup-Base?page=1&offset=0&filters=%7B%22catalogue_num%22%3A%22seasoning07%22%7D&trigger_type=taxonomy_seasoning07&filter_sub_category=seasoning"
  },
  {
    "category":"sauce",
    "product_name":"Ajinomoto Hotpot Soup Base Cube Chicken and Soy Sauce 7pcs 73 g",
    "price":4.99,
    "unit_price":"$1.93\/oz",
    "sales_count":50.0,
    "image_url":"https:\/\/img08.weeecdn.net\/product\/image\/080\/327\/7AED86A387801B13.png!c560x560_q80.auto",
    "source_url":"https:\/\/www.sayweee.com\/en\/category\/seasoning07\/Soup-Base?page=1&offset=0&filters=%7B%22catalogue_num%22%3A%22seasoning07%22%7D&trigger_type=taxonomy_seasoning07&filter_sub_category=seasoning"
  },
  {
    "category":"sauce",
    "product_name":"Sajo Tuna Sauce 900 g",
    "price":10.99,
    "unit_price":"$0.34\/oz",
    "sales_count":200.0,
    "image_url":"https:\/\/img08.weeecdn.net\/product\/image\/712\/756\/59AA3B4DF68DB7CD.png!c560x560_q80.auto",
    "source_url":"https:\/\/www.sayweee.com\/en\/category\/seasoning07\/Soup-Base?page=1&offset=0&filters=%7B%22catalogue_num%22%3A%22seasoning07%22%7D&trigger_type=taxonomy_seasoning07&filter_sub_category=seasoning"
  },
  {
    "category":"sauce",
    "product_name":"Chung Jung One Anchovy and Bonito Spice Mix 250 g",
    "price":13.99,
    "unit_price":"$1.58\/oz",
    "sales_count":null,
    "image_url":"https:\/\/img08.weeecdn.net\/item\/image\/095\/579\/61EC3193C4CAA90A.jpg!c560x560_q80.auto",
    "source_url":"https:\/\/www.sayweee.com\/en\/category\/seasoning07\/Soup-Base?page=1&offset=0&filters=%7B%22catalogue_num%22%3A%22seasoning07%22%7D&trigger_type=taxonomy_seasoning07&filter_sub_category=seasoning"
  },
  {
    "category":"sauce",
    "product_name":"Daisho Premium Hotpot Soup Base Uni (SeaUrchin) Soy Milk Cream Flavor 750 g",
    "price":6.79,
    "unit_price":"$0.25\/oz",
    "sales_count":null,
    "image_url":"https:\/\/img08.weeecdn.net\/product\/image\/578\/770\/527382D6D08DADD1.png!c560x560_q80.auto",
    "source_url":"https:\/\/www.sayweee.com\/en\/category\/seasoning07\/Soup-Base?page=1&offset=0&filters=%7B%22catalogue_num%22%3A%22seasoning07%22%7D&trigger_type=taxonomy_seasoning07&filter_sub_category=seasoning"
  },
  {
    "category":"sauce",
    "product_name":"Red Bean Hotpot Base Guizhou specialty 580g\/box 580 g",
    "price":12.99,
    "unit_price":"nan",
    "sales_count":null,
    "image_url":"https:\/\/img08.weeecdn.net\/item\/image\/665\/778\/57DAE4C11C84621.jpeg!c560x560_q80.auto",
    "source_url":"https:\/\/www.sayweee.com\/en\/category\/seasoning07\/Soup-Base?page=1&offset=0&filters=%7B%22catalogue_num%22%3A%22seasoning07%22%7D&trigger_type=taxonomy_seasoning07&filter_sub_category=seasoning"
  },
  {
    "category":"sauce",
    "product_name":"Xiangpaifang Spicy Hot Pot Soup Base 350 g",
    "price":7.49,
    "unit_price":"$0.60\/oz",
    "sales_count":null,
    "image_url":"https:\/\/img08.weeecdn.net\/product\/image\/789\/416\/148D4E348A143AD1.png!c560x560_q80.auto",
    "source_url":"https:\/\/www.sayweee.com\/en\/category\/seasoning07\/Soup-Base?page=1&offset=0&filters=%7B%22catalogue_num%22%3A%22seasoning07%22%7D&trigger_type=taxonomy_seasoning07&filter_sub_category=seasoning"
  },
  {
    "category":"sauce",
    "product_name":"Japanese Style Soy Milk Hotpot Soup 36g*4 bag\/ 1 each",
    "price":7.99,
    "unit_price":"nan",
    "sales_count":null,
    "image_url":"https:\/\/img08.weeecdn.net\/item\/image\/526\/510\/1C6BE13DCEE0D200.jpeg!c560x560_q80.auto",
    "source_url":"https:\/\/www.sayweee.com\/en\/category\/seasoning07\/Soup-Base?page=1&offset=0&filters=%7B%22catalogue_num%22%3A%22seasoning07%22%7D&trigger_type=taxonomy_seasoning07&filter_sub_category=seasoning"
  },
  {
    "category":"sauce",
    "product_name":"Barona Sauce for Chicken Noodle from Vegetable and Fruit Extract 145 g",
    "price":3.39,
    "unit_price":"$0.66\/oz",
    "sales_count":50.0,
    "image_url":"https:\/\/img08.weeecdn.net\/product\/image\/499\/134\/1054E752FE25DA79.png!c560x560_q80.auto",
    "source_url":"https:\/\/www.sayweee.com\/en\/category\/seasoning07\/Soup-Base?page=1&offset=0&filters=%7B%22catalogue_num%22%3A%22seasoning07%22%7D&trigger_type=taxonomy_seasoning07&filter_sub_category=seasoning"
  },
  {
    "category":"sauce",
    "product_name":"Nora Sinigang Kamias (Bilimbi) Soup Mix 37 g",
    "price":1.79,
    "unit_price":"$1.36\/oz",
    "sales_count":null,
    "image_url":"https:\/\/img08.weeecdn.net\/item\/image\/046\/848\/7D40701C8BA869A6.jpg!c560x560_q80.auto",
    "source_url":"https:\/\/www.sayweee.com\/en\/category\/seasoning07\/Soup-Base?page=1&offset=0&filters=%7B%22catalogue_num%22%3A%22seasoning07%22%7D&trigger_type=taxonomy_seasoning07&filter_sub_category=seasoning"
  },
  {
    "category":"sauce",
    "product_name":"Goya Recaito Cilantro Cooking Base 12 oz",
    "price":3.29,
    "unit_price":"$0.27\/oz",
    "sales_count":null,
    "image_url":"https:\/\/img08.weeecdn.net\/product\/image\/999\/347\/1126C783B6844EB8.jpeg!c560x560_q80.auto",
    "source_url":"https:\/\/www.sayweee.com\/en\/category\/seasoning07\/Soup-Base?page=1&offset=0&filters=%7B%22catalogue_num%22%3A%22seasoning07%22%7D&trigger_type=taxonomy_seasoning07&filter_sub_category=seasoning"
  },
  {
    "category":"sauce",
    "product_name":"Daisho x Ippudo Hotpot Soup Base Spicy Dan Dan Flavor 750 g",
    "price":6.79,
    "unit_price":"$0.25\/oz",
    "sales_count":50.0,
    "image_url":"https:\/\/img08.weeecdn.net\/product\/image\/507\/722\/DBD66521D543BDE.png!c560x560_q80.auto",
    "source_url":"https:\/\/www.sayweee.com\/en\/category\/seasoning07\/Soup-Base?page=1&offset=0&filters=%7B%22catalogue_num%22%3A%22seasoning07%22%7D&trigger_type=taxonomy_seasoning07&filter_sub_category=seasoning"
  },
  {
    "category":"sauce",
    "product_name":"Daisho Premium Hotpot Soup Base 3 types of Shellfish and Yuzu Flavor 750 g",
    "price":6.79,
    "unit_price":"$0.25\/oz",
    "sales_count":50.0,
    "image_url":"https:\/\/img08.weeecdn.net\/product\/image\/541\/491\/7CA8662694658D6F.png!c560x560_q80.auto",
    "source_url":"https:\/\/www.sayweee.com\/en\/category\/seasoning07\/Soup-Base?page=1&offset=0&filters=%7B%22catalogue_num%22%3A%22seasoning07%22%7D&trigger_type=taxonomy_seasoning07&filter_sub_category=seasoning"
  },
  {
    "category":"sauce",
    "product_name":"Daisho Oden Hotpot Soup Base 750 g",
    "price":5.49,
    "unit_price":"$0.20\/oz",
    "sales_count":50.0,
    "image_url":"https:\/\/img08.weeecdn.net\/product\/image\/163\/191\/626F9EDBBB1F6970.png!c560x560_q80.auto",
    "source_url":"https:\/\/www.sayweee.com\/en\/category\/seasoning07\/Soup-Base?page=1&offset=0&filters=%7B%22catalogue_num%22%3A%22seasoning07%22%7D&trigger_type=taxonomy_seasoning07&filter_sub_category=seasoning"
  },
  {
    "category":"sauce",
    "product_name":"Goya Sazón Seasoning With Cilantro & Tomato 1.41 oz",
    "price":1.79,
    "unit_price":"$1.26\/oz",
    "sales_count":null,
    "image_url":"https:\/\/img08.weeecdn.net\/product\/image\/934\/361\/41DE871CD55A1D55.png!c560x560_q80.auto",
    "source_url":"https:\/\/www.sayweee.com\/en\/category\/seasoning07\/Soup-Base?page=1&offset=0&filters=%7B%22catalogue_num%22%3A%22seasoning07%22%7D&trigger_type=taxonomy_seasoning07&filter_sub_category=seasoning"
  },
  {
    "category":"sauce",
    "product_name":"Goya Sofrito Tomato Cooking Base 12 oz",
    "price":2.99,
    "unit_price":"$0.24\/oz",
    "sales_count":null,
    "image_url":"https:\/\/img08.weeecdn.net\/product\/image\/215\/852\/40FC3AAFB9A033BC.png!c560x560_q80.auto",
    "source_url":"https:\/\/www.sayweee.com\/en\/category\/seasoning07\/Soup-Base?page=1&offset=0&filters=%7B%22catalogue_num%22%3A%22seasoning07%22%7D&trigger_type=taxonomy_seasoning07&filter_sub_category=seasoning"
  },
  {
    "category":"sauce",
    "product_name":"HOUSE JAPAN HOUKAIIDO Stew Corn Cream 180g* 2 count",
    "price":11.88,
    "unit_price":"$5.94\/count",
    "sales_count":null,
    "image_url":"https:\/\/img08.weeecdn.net\/item\/image\/734\/106\/61325C72C37D07CE.jpeg!c560x560_q80.auto",
    "source_url":"https:\/\/www.sayweee.com\/en\/category\/seasoning07\/Soup-Base?page=1&offset=0&filters=%7B%22catalogue_num%22%3A%22seasoning07%22%7D&trigger_type=taxonomy_seasoning07&filter_sub_category=seasoning"
  },
  {
    "category":"sauce",
    "product_name":"Vegetable Dashi Soup Base and Seasoning 3.17 oz",
    "price":18.49,
    "unit_price":"$5.83\/oz",
    "sales_count":null,
    "image_url":"https:\/\/img08.weeecdn.net\/product\/image\/062\/100\/28B17A81ED9CCDCE.png!c560x560_q80.auto",
    "source_url":"https:\/\/www.sayweee.com\/en\/category\/seasoning07\/Soup-Base?page=1&offset=0&filters=%7B%22catalogue_num%22%3A%22seasoning07%22%7D&trigger_type=taxonomy_seasoning07&filter_sub_category=seasoning"
  },
  {
    "category":"sauce",
    "product_name":"Barona Mushroom Hotpot 140 g",
    "price":3.79,
    "unit_price":"$0.76\/oz",
    "sales_count":50.0,
    "image_url":"https:\/\/img08.weeecdn.net\/product\/image\/570\/912\/6E39AA7A5717F311.jpeg!c560x560_q80.auto",
    "source_url":"https:\/\/www.sayweee.com\/en\/category\/seasoning07\/Soup-Base?page=1&offset=0&filters=%7B%22catalogue_num%22%3A%22seasoning07%22%7D&trigger_type=taxonomy_seasoning07&filter_sub_category=seasoning"
  },
  {
    "category":"sauce",
    "product_name":"Ajinomoto Chicken Soup Stock 110 g",
    "price":8.99,
    "unit_price":"$2.31\/oz",
    "sales_count":300.0,
    "image_url":"https:\/\/img08.weeecdn.net\/product\/image\/085\/086\/660CB7F2BEFE655C.png!c560x560_q80.auto",
    "source_url":"https:\/\/www.sayweee.com\/en\/category\/seasoning07\/Soup-Base?page=1&offset=0&filters=%7B%22catalogue_num%22%3A%22seasoning07%22%7D&trigger_type=taxonomy_seasoning07&filter_sub_category=seasoning"
  },
  {
    "category":"sauce",
    "product_name":"AJINOMOTO Concentrated Hotpot Soup Base Seafood Pot  7pcs 60g* 2 count",
    "price":12.99,
    "unit_price":"$6.49\/count",
    "sales_count":null,
    "image_url":"https:\/\/img08.weeecdn.net\/item\/image\/904\/248\/7D633763538428D.jpeg!c560x560_q80.auto",
    "source_url":"https:\/\/www.sayweee.com\/en\/category\/seasoning07\/Soup-Base?page=1&offset=0&filters=%7B%22catalogue_num%22%3A%22seasoning07%22%7D&trigger_type=taxonomy_seasoning07&filter_sub_category=seasoning"
  },
  {
    "category":"sauce",
    "product_name":"Yaoyikou Kaili Chili Sour Soup Sauce 380 g",
    "price":3.99,
    "unit_price":"$0.29\/oz",
    "sales_count":50.0,
    "image_url":"https:\/\/img08.weeecdn.net\/product\/image\/049\/555\/3C70B631831931D6.png!c560x560_q80.auto",
    "source_url":"https:\/\/www.sayweee.com\/en\/category\/seasoning07\/Soup-Base?page=1&offset=0&filters=%7B%22catalogue_num%22%3A%22seasoning07%22%7D&trigger_type=taxonomy_seasoning07&filter_sub_category=seasoning"
  },
  {
    "category":"sauce",
    "product_name":"[TOTOLE] Granulated Chicken Flavor Soup Base Mix - 2.2 lb",
    "price":15.29,
    "unit_price":"$6.95\/lb",
    "sales_count":null,
    "image_url":"https:\/\/img08.weeecdn.net\/item\/image\/294\/512\/3C2FDE612CE1CA84.png!c560x560_q80.auto",
    "source_url":"https:\/\/www.sayweee.com\/en\/category\/seasoning07\/Soup-Base?page=1&offset=0&filters=%7B%22catalogue_num%22%3A%22seasoning07%22%7D&trigger_type=taxonomy_seasoning07&filter_sub_category=seasoning"
  },
  {
    "category":"sauce",
    "product_name":"Kaili Sour Spicy Hotpot Base 380 g",
    "price":4.39,
    "unit_price":"nan",
    "sales_count":null,
    "image_url":"https:\/\/img08.weeecdn.net\/item\/image\/023\/501\/6A659F1D619719B3.png!c560x560_q80.auto",
    "source_url":"https:\/\/www.sayweee.com\/en\/category\/seasoning07\/Soup-Base?page=1&offset=0&filters=%7B%22catalogue_num%22%3A%22seasoning07%22%7D&trigger_type=taxonomy_seasoning07&filter_sub_category=seasoning"
  },
  {
    "category":"sauce",
    "product_name":"KOUKISHOKO Chinese soup base 250 g",
    "price":11.99,
    "unit_price":"$0.04\/g",
    "sales_count":null,
    "image_url":"https:\/\/img08.weeecdn.net\/item\/image\/835\/011\/2E23538FC004BE65.jpeg!c560x560_q80.auto",
    "source_url":"https:\/\/www.sayweee.com\/en\/category\/seasoning07\/Soup-Base?page=1&offset=0&filters=%7B%22catalogue_num%22%3A%22seasoning07%22%7D&trigger_type=taxonomy_seasoning07&filter_sub_category=seasoning"
  },
  {
    "category":"sauce",
    "product_name":"FaThai Concentrated Noodle Soup, Pa-Lo Flavored 12.3 oz",
    "price":4.09,
    "unit_price":"$0.33\/oz",
    "sales_count":null,
    "image_url":"https:\/\/img08.weeecdn.net\/item\/image\/957\/886\/566329F4369F8105.jpeg!c560x560_q80.auto",
    "source_url":"https:\/\/www.sayweee.com\/en\/category\/seasoning07\/Soup-Base?page=1&offset=0&filters=%7B%22catalogue_num%22%3A%22seasoning07%22%7D&trigger_type=taxonomy_seasoning07&filter_sub_category=seasoning"
  },
  {
    "category":"sauce",
    "product_name":"FaThai Concentrated Japanese Sukiyaki Soup (Shabu), Thai Product 9.15 oz",
    "price":4.69,
    "unit_price":"$0.51\/oz",
    "sales_count":null,
    "image_url":"https:\/\/img08.weeecdn.net\/item\/image\/510\/186\/E91EB7170C07F68.jpeg!c560x560_q80.auto",
    "source_url":"https:\/\/www.sayweee.com\/en\/category\/seasoning07\/Soup-Base?page=1&offset=0&filters=%7B%22catalogue_num%22%3A%22seasoning07%22%7D&trigger_type=taxonomy_seasoning07&filter_sub_category=seasoning"
  },
  {
    "category":"sauce",
    "product_name":"FaThai Concentrated Jaew Hon Thai Hot Pot Soup 5.25 oz",
    "price":4.29,
    "unit_price":"$0.81\/oz",
    "sales_count":null,
    "image_url":"https:\/\/img08.weeecdn.net\/item\/image\/509\/680\/E8A159BB91D636.jpeg!c560x560_q80.auto",
    "source_url":"https:\/\/www.sayweee.com\/en\/category\/seasoning07\/Soup-Base?page=1&offset=0&filters=%7B%22catalogue_num%22%3A%22seasoning07%22%7D&trigger_type=taxonomy_seasoning07&filter_sub_category=seasoning"
  },
  {
    "category":"sauce",
    "product_name":"Boutique Shanzhen Ten Mushroom Soup Bun 50g 50 g",
    "price":9.23,
    "unit_price":"$0.18\/g",
    "sales_count":null,
    "image_url":"https:\/\/img08.weeecdn.net\/item\/image\/679\/326\/5D2981792E9FDA47.png.jpeg!c560x560_q80.auto",
    "source_url":"https:\/\/www.sayweee.com\/en\/category\/seasoning07\/Soup-Base?page=1&offset=0&filters=%7B%22catalogue_num%22%3A%22seasoning07%22%7D&trigger_type=taxonomy_seasoning07&filter_sub_category=seasoning"
  },
  {
    "category":"sauce",
    "product_name":"Foods Beef Flavored \"Pho\" Soup Base Cot Pho Bo 1 each",
    "price":17.99,
    "unit_price":"nan",
    "sales_count":null,
    "image_url":"https:\/\/img08.weeecdn.net\/item\/image\/783\/577\/C62ABB75B3A0C3D.jpeg!c560x560_q80.auto",
    "source_url":"https:\/\/www.sayweee.com\/en\/category\/seasoning07\/Soup-Base?page=1&offset=0&filters=%7B%22catalogue_num%22%3A%22seasoning07%22%7D&trigger_type=taxonomy_seasoning07&filter_sub_category=seasoning"
  },
  {
    "category":"sauce",
    "product_name":"Quoc Viet Soup Base, Hue Style Beef Flavor 10 oz 1 each",
    "price":9.52,
    "unit_price":"nan",
    "sales_count":null,
    "image_url":"https:\/\/img08.weeecdn.net\/item\/image\/741\/124\/558E99BB53C40CFA.png!c560x560_q80.auto",
    "source_url":"https:\/\/www.sayweee.com\/en\/category\/seasoning07\/Soup-Base?page=1&offset=0&filters=%7B%22catalogue_num%22%3A%22seasoning07%22%7D&trigger_type=taxonomy_seasoning07&filter_sub_category=seasoning"
  },
  {
    "category":"sauce",
    "product_name":"Knorr Tomato Based Pasta Soup Mix 3.5 oz",
    "price":1.99,
    "unit_price":"$0.56\/oz",
    "sales_count":null,
    "image_url":"https:\/\/img08.weeecdn.net\/item\/image\/937\/208\/1497590F001FE713.jpg!c560x560_q80.auto",
    "source_url":"https:\/\/www.sayweee.com\/en\/category\/seasoning07\/Soup-Base?page=1&offset=0&filters=%7B%22catalogue_num%22%3A%22seasoning07%22%7D&trigger_type=taxonomy_seasoning07&filter_sub_category=seasoning"
  },
  {
    "category":"sauce",
    "product_name":"HOUSE JAPAN HOUKAIIDO Stew Scallop Cream 144g* 2 count",
    "price":13.99,
    "unit_price":"$6.99\/count",
    "sales_count":null,
    "image_url":"https:\/\/img08.weeecdn.net\/item\/image\/483\/330\/243E9E47DB9FD60D.jpeg!c560x560_q80.auto",
    "source_url":"https:\/\/www.sayweee.com\/en\/category\/seasoning07\/Soup-Base?page=1&offset=0&filters=%7B%22catalogue_num%22%3A%22seasoning07%22%7D&trigger_type=taxonomy_seasoning07&filter_sub_category=seasoning"
  },
  {
    "category":"sauce",
    "product_name":"AJINOMOTO Concentrated Hotpot Soup  7pcs 58g * 2 count",
    "price":12.99,
    "unit_price":"$6.49\/count",
    "sales_count":null,
    "image_url":"https:\/\/img08.weeecdn.net\/item\/image\/034\/592\/1E3C0AFA8667DDB4.jpeg!c560x560_q80.auto",
    "source_url":"https:\/\/www.sayweee.com\/en\/category\/seasoning07\/Soup-Base?page=1&offset=0&filters=%7B%22catalogue_num%22%3A%22seasoning07%22%7D&trigger_type=taxonomy_seasoning07&filter_sub_category=seasoning"
  },
  {
    "category":"sauce",
    "product_name":"Ebara Petite Pot with Clams And Scallops Salt Pot 1 each",
    "price":6.99,
    "unit_price":"nan",
    "sales_count":null,
    "image_url":"https:\/\/img08.weeecdn.net\/item\/image\/622\/844\/A2ED6C22F95D5DA.jpeg!c560x560_q80.auto",
    "source_url":"https:\/\/www.sayweee.com\/en\/category\/seasoning07\/Soup-Base?page=1&offset=0&filters=%7B%22catalogue_num%22%3A%22seasoning07%22%7D&trigger_type=taxonomy_seasoning07&filter_sub_category=seasoning"
  },
  {
    "category":"sauce",
    "product_name":"Yaki Nodoguro Dashi 54 g",
    "price":6.49,
    "unit_price":"$3.39\/oz",
    "sales_count":null,
    "image_url":"https:\/\/img08.weeecdn.net\/product\/image\/696\/754\/625B7F290373331B.png!c560x560_q80.auto",
    "source_url":"https:\/\/www.sayweee.com\/en\/category\/seasoning07\/Soup-Base?page=1&offset=0&filters=%7B%22catalogue_num%22%3A%22seasoning07%22%7D&trigger_type=taxonomy_seasoning07&filter_sub_category=seasoning"
  },
  {
    "category":"sauce",
    "product_name":"Ajinomoto Pot Cube Spicy Kimchi 7pcs\/ 1 pack",
    "price":7.99,
    "unit_price":"nan",
    "sales_count":null,
    "image_url":"https:\/\/img08.weeecdn.net\/item\/image\/601\/970\/1102373A83E2348A.jpeg!c560x560_q80.auto",
    "source_url":"https:\/\/www.sayweee.com\/en\/category\/seasoning07\/Soup-Base?page=1&offset=0&filters=%7B%22catalogue_num%22%3A%22seasoning07%22%7D&trigger_type=taxonomy_seasoning07&filter_sub_category=seasoning"
  },
  {
    "category":"sauce",
    "product_name":"Taiwan Dong Quai Duck Soup Base 70 g",
    "price":8.99,
    "unit_price":"$0.12\/g",
    "sales_count":null,
    "image_url":"https:\/\/img08.weeecdn.net\/item\/image\/811\/868\/473F02BE3497B96E.jpeg!c560x560_q80.auto",
    "source_url":"https:\/\/www.sayweee.com\/en\/category\/seasoning07\/Soup-Base?page=1&offset=0&filters=%7B%22catalogue_num%22%3A%22seasoning07%22%7D&trigger_type=taxonomy_seasoning07&filter_sub_category=seasoning"
  },
  {
    "category":"sauce",
    "product_name":"Totole Granulated Chicken Flavor Soup Base Mix 5.0lb 1 each",
    "price":29.12,
    "unit_price":"nan",
    "sales_count":null,
    "image_url":"https:\/\/img08.weeecdn.net\/item\/image\/931\/288\/52C1878C8E4D03F.png!c560x560_q80.auto",
    "source_url":"https:\/\/www.sayweee.com\/en\/category\/seasoning07\/Soup-Base?page=1&offset=0&filters=%7B%22catalogue_num%22%3A%22seasoning07%22%7D&trigger_type=taxonomy_seasoning07&filter_sub_category=seasoning"
  },
  {
    "category":"sauce",
    "product_name":"Ajinomoto Rich White Hot Pot Soup Cubes 64g 1 each",
    "price":4.8,
    "unit_price":"nan",
    "sales_count":null,
    "image_url":"https:\/\/img08.weeecdn.net\/item\/image\/099\/003\/67FA5795297164FF.png.jpeg!c560x560_q80.auto",
    "source_url":"https:\/\/www.sayweee.com\/en\/category\/seasoning07\/Soup-Base?page=1&offset=0&filters=%7B%22catalogue_num%22%3A%22seasoning07%22%7D&trigger_type=taxonomy_seasoning07&filter_sub_category=seasoning"
  },
  {
    "category":"sauce",
    "product_name":"Bobo chicken seasoning 50g * 1 bag 50 g",
    "price":3.59,
    "unit_price":"$0.07\/g",
    "sales_count":null,
    "image_url":"https:\/\/img08.weeecdn.net\/item\/image\/190\/568\/5046324DAB721A38.png.jpeg!c560x560_q80.auto",
    "source_url":"https:\/\/www.sayweee.com\/en\/category\/seasoning07\/Soup-Base?page=1&offset=0&filters=%7B%22catalogue_num%22%3A%22seasoning07%22%7D&trigger_type=taxonomy_seasoning07&filter_sub_category=seasoning"
  },
  {
    "category":"sauce",
    "product_name":"Wang Gang Hot Pot Seasoni 500 g",
    "price":22.11,
    "unit_price":"$0.04\/g",
    "sales_count":null,
    "image_url":"https:\/\/img08.weeecdn.net\/item\/image\/245\/498\/25DED57AC04F8AD9.jpeg!c560x560_q80.auto",
    "source_url":"https:\/\/www.sayweee.com\/en\/category\/seasoning07\/Soup-Base?page=1&offset=0&filters=%7B%22catalogue_num%22%3A%22seasoning07%22%7D&trigger_type=taxonomy_seasoning07&filter_sub_category=seasoning"
  },
  {
    "category":"sauce",
    "product_name":"Ginseng Stewed Chicken Soup Ingredients 100 g",
    "price":7.66,
    "unit_price":"$0.07\/g",
    "sales_count":null,
    "image_url":"https:\/\/img08.weeecdn.net\/item\/image\/044\/164\/1052473E6196EEBA.webp!c560x560_q80.auto",
    "source_url":"https:\/\/www.sayweee.com\/en\/category\/seasoning07\/Soup-Base?page=1&offset=0&filters=%7B%22catalogue_num%22%3A%22seasoning07%22%7D&trigger_type=taxonomy_seasoning07&filter_sub_category=seasoning"
  },
  {
    "category":"sauce",
    "product_name":"Hao Ren Jia boiled pork slices 100g*1 bag 100 g",
    "price":5.85,
    "unit_price":"$0.05\/g",
    "sales_count":null,
    "image_url":"https:\/\/img08.weeecdn.net\/item\/image\/119\/330\/6F2336CAB6021B1C.webp!c560x560_q80.auto",
    "source_url":"https:\/\/www.sayweee.com\/en\/category\/seasoning07\/Soup-Base?page=1&offset=0&filters=%7B%22catalogue_num%22%3A%22seasoning07%22%7D&trigger_type=taxonomy_seasoning07&filter_sub_category=seasoning"
  },
  {
    "category":"sauce",
    "product_name":"KOUKISHOKO Chinese Seafood Soup Base 250g\/ 1 can",
    "price":11.99,
    "unit_price":"nan",
    "sales_count":null,
    "image_url":"https:\/\/img08.weeecdn.net\/item\/image\/904\/488\/6EF32272DF98FB6E.jpeg!c560x560_q80.auto",
    "source_url":"https:\/\/www.sayweee.com\/en\/category\/seasoning07\/Soup-Base?page=1&offset=0&filters=%7B%22catalogue_num%22%3A%22seasoning07%22%7D&trigger_type=taxonomy_seasoning07&filter_sub_category=seasoning"
  },
  {
    "category":"sauce",
    "product_name":"Taiwan Herbal Ginger Duck Soup Base 70 g",
    "price":7.99,
    "unit_price":"$0.11\/g",
    "sales_count":null,
    "image_url":"https:\/\/img08.weeecdn.net\/item\/image\/632\/806\/4FD570C88EA71493.jpeg!c560x560_q80.auto",
    "source_url":"https:\/\/www.sayweee.com\/en\/category\/seasoning07\/Soup-Base?page=1&offset=0&filters=%7B%22catalogue_num%22%3A%22seasoning07%22%7D&trigger_type=taxonomy_seasoning07&filter_sub_category=seasoning"
  },
  {
    "category":"sauce",
    "product_name":"Taiwan Herbal Pork Rib Soup Base 70 g",
    "price":8.99,
    "unit_price":"$0.12\/g",
    "sales_count":null,
    "image_url":"https:\/\/img08.weeecdn.net\/item\/image\/474\/336\/643623E9DFFD7D95.jpeg!c560x560_q80.auto",
    "source_url":"https:\/\/www.sayweee.com\/en\/category\/seasoning07\/Soup-Base?page=1&offset=0&filters=%7B%22catalogue_num%22%3A%22seasoning07%22%7D&trigger_type=taxonomy_seasoning07&filter_sub_category=seasoning"
  },
  {
    "category":"sauce",
    "product_name":"Quoc Viet Chicken Pho Soup Base, Pho Ga 10 oz 1 each",
    "price":9.52,
    "unit_price":"nan",
    "sales_count":null,
    "image_url":"https:\/\/img08.weeecdn.net\/item\/image\/113\/644\/D606B1642057472.jpeg!c560x560_q80.auto",
    "source_url":"https:\/\/www.sayweee.com\/en\/category\/seasoning07\/Soup-Base?page=1&offset=0&filters=%7B%22catalogue_num%22%3A%22seasoning07%22%7D&trigger_type=taxonomy_seasoning07&filter_sub_category=seasoning"
  },
  {
    "category":"sauce",
    "product_name":"Quoc Viet Crab Soup Base, Cot Bun Rieu 10 oz 1 each",
    "price":9.52,
    "unit_price":"nan",
    "sales_count":null,
    "image_url":"https:\/\/img08.weeecdn.net\/item\/image\/369\/402\/2E5C1FAA84F0D1FA.png!c560x560_q80.auto",
    "source_url":"https:\/\/www.sayweee.com\/en\/category\/seasoning07\/Soup-Base?page=1&offset=0&filters=%7B%22catalogue_num%22%3A%22seasoning07%22%7D&trigger_type=taxonomy_seasoning07&filter_sub_category=seasoning"
  },
  {
    "category":"sauce",
    "product_name":"Quoc Viet Vietnamese Beef Stew Base 10 oz 1 each",
    "price":9.52,
    "unit_price":"nan",
    "sales_count":null,
    "image_url":"https:\/\/img08.weeecdn.net\/item\/image\/870\/254\/5FAB005FB62510DA.png!c560x560_q80.auto",
    "source_url":"https:\/\/www.sayweee.com\/en\/category\/seasoning07\/Soup-Base?page=1&offset=0&filters=%7B%22catalogue_num%22%3A%22seasoning07%22%7D&trigger_type=taxonomy_seasoning07&filter_sub_category=seasoning"
  },
  {
    "category":"sauce",
    "product_name":"Shooloongkan Qiaofootbeefbasesouppotraw166g*5pcs 166 g",
    "price":10.79,
    "unit_price":"$0.06\/g",
    "sales_count":null,
    "image_url":"https:\/\/img08.weeecdn.net\/item\/image\/393\/122\/6FA358B807E56AF0.png.jpeg!c560x560_q80.auto",
    "source_url":"https:\/\/www.sayweee.com\/en\/category\/seasoning07\/Soup-Base?page=1&offset=0&filters=%7B%22catalogue_num%22%3A%22seasoning07%22%7D&trigger_type=taxonomy_seasoning07&filter_sub_category=seasoning"
  },
  {
    "category":"sauce",
    "product_name":"Carrying Mountains and Traveling Yunnan Mountain Treasures Wild Colorful Mushroom Soup Package 70g * 2 Bags Stewed Chicken and Sheep Belly Mushroom Mountain Treasures Soup Ingredients 140 g",
    "price":18.96,
    "unit_price":"$0.13\/g",
    "sales_count":null,
    "image_url":"https:\/\/img08.weeecdn.net\/item\/image\/838\/901\/77FA207A2C17856E.webp!c560x560_q80.auto",
    "source_url":"https:\/\/www.sayweee.com\/en\/category\/seasoning07\/Soup-Base?page=1&offset=0&filters=%7B%22catalogue_num%22%3A%22seasoning07%22%7D&trigger_type=taxonomy_seasoning07&filter_sub_category=seasoning"
  },
  {
    "category":"sauce",
    "product_name":"Glico Aunt Claire Cream Stew 142g 1 box",
    "price":5.03,
    "unit_price":"nan",
    "sales_count":null,
    "image_url":"https:\/\/img08.weeecdn.net\/item\/image\/243\/873\/4EAEEA2C8E85E9A.jpeg!c560x560_q80.auto",
    "source_url":"https:\/\/www.sayweee.com\/en\/category\/seasoning07\/Soup-Base?page=1&offset=0&filters=%7B%22catalogue_num%22%3A%22seasoning07%22%7D&trigger_type=taxonomy_seasoning07&filter_sub_category=seasoning"
  },
  {
    "category":"sauce",
    "product_name":"Haidilao Clear soup hot pot base 110 g",
    "price":8.59,
    "unit_price":"$0.07\/g",
    "sales_count":null,
    "image_url":"https:\/\/img08.weeecdn.net\/item\/image\/247\/715\/77A4DB3AB2897A95.jpeg!c560x560_q80.auto",
    "source_url":"https:\/\/www.sayweee.com\/en\/category\/seasoning07\/Soup-Base?page=1&offset=0&filters=%7B%22catalogue_num%22%3A%22seasoning07%22%7D&trigger_type=taxonomy_seasoning07&filter_sub_category=seasoning"
  },
  {
    "category":"sauce",
    "product_name":"Little sheep soup hot pot base 160 g",
    "price":8.81,
    "unit_price":"$0.05\/g",
    "sales_count":null,
    "image_url":"https:\/\/img08.weeecdn.net\/item\/image\/407\/993\/22174D503DEE4A4B.jpeg!c560x560_q80.auto",
    "source_url":"https:\/\/www.sayweee.com\/en\/category\/seasoning07\/Soup-Base?page=1&offset=0&filters=%7B%22catalogue_num%22%3A%22seasoning07%22%7D&trigger_type=taxonomy_seasoning07&filter_sub_category=seasoning"
  },
  {
    "category":"sauce",
    "product_name":"Marumiya Mapo Tofu Seasoning Spicy 3servingsx2bags 1 each",
    "price":4.52,
    "unit_price":"nan",
    "sales_count":null,
    "image_url":"https:\/\/img08.weeecdn.net\/item\/image\/653\/128\/1B470E36C8F1B2EE.jpeg!c560x560_q80.auto",
    "source_url":"https:\/\/www.sayweee.com\/en\/category\/seasoning07\/Soup-Base?page=1&offset=0&filters=%7B%22catalogue_num%22%3A%22seasoning07%22%7D&trigger_type=taxonomy_seasoning07&filter_sub_category=seasoning"
  },
  {
    "category":"sauce",
    "product_name":"A wave of fresh vegetables and hibiscus instant soup 6g*5 sachets 30 g",
    "price":3.98,
    "unit_price":"$0.13\/g",
    "sales_count":null,
    "image_url":"https:\/\/img08.weeecdn.net\/item\/image\/324\/352\/3670A22A4D96349E.webp!c560x560_q80.auto",
    "source_url":"https:\/\/www.sayweee.com\/en\/category\/seasoning07\/Soup-Base?page=1&offset=0&filters=%7B%22catalogue_num%22%3A%22seasoning07%22%7D&trigger_type=taxonomy_seasoning07&filter_sub_category=seasoning"
  },
  {
    "category":"sauce",
    "product_name":"Ba He Li Hai Ji Sha Cha Hot Pot Sauce 200g * 1 can Chaoshan Shadi Sauce seasoning mixed with noodles dipping sauce 200 g",
    "price":13.85,
    "unit_price":"$0.06\/g",
    "sales_count":null,
    "image_url":"https:\/\/img08.weeecdn.net\/item\/image\/653\/562\/F36268B0BEE5218.webp!c560x560_q80.auto",
    "source_url":"https:\/\/www.sayweee.com\/en\/category\/seasoning07\/Soup-Base?page=1&offset=0&filters=%7B%22catalogue_num%22%3A%22seasoning07%22%7D&trigger_type=taxonomy_seasoning07&filter_sub_category=seasoning"
  },
  {
    "category":"sauce",
    "product_name":"Wheat field black soil golden soup chicken soup base 120g * 1 box of Guangzhou style edging stove golden soup Spicy Hot Pot rice noodle soup 120 g",
    "price":11.95,
    "unit_price":"$0.09\/g",
    "sales_count":null,
    "image_url":"https:\/\/img08.weeecdn.net\/item\/image\/564\/375\/55FCDA92D4005876.jpeg!c560x560_q80.auto",
    "source_url":"https:\/\/www.sayweee.com\/en\/category\/seasoning07\/Soup-Base?page=1&offset=0&filters=%7B%22catalogue_num%22%3A%22seasoning07%22%7D&trigger_type=taxonomy_seasoning07&filter_sub_category=seasoning"
  },
  {
    "category":"sauce",
    "product_name":"Sichuan Leshan hot pot base soup base beef noodles 80 g",
    "price":6.14,
    "unit_price":"$0.07\/g",
    "sales_count":null,
    "image_url":"https:\/\/img08.weeecdn.net\/item\/image\/503\/493\/466EF10BDB275843.jpeg!c560x560_q80.auto",
    "source_url":"https:\/\/www.sayweee.com\/en\/category\/seasoning07\/Soup-Base?page=1&offset=0&filters=%7B%22catalogue_num%22%3A%22seasoning07%22%7D&trigger_type=taxonomy_seasoning07&filter_sub_category=seasoning"
  },
  {
    "category":"sauce",
    "product_name":"Vegetarian Mushroom Hot Pot Broth 750 g",
    "price":15.0,
    "unit_price":"nan",
    "sales_count":null,
    "image_url":"https:\/\/img08.weeecdn.net\/item\/image\/894\/997\/4143CB398EA948BF.png!c560x560_q80.auto",
    "source_url":"https:\/\/www.sayweee.com\/en\/category\/seasoning07\/Soup-Base?page=1&offset=0&filters=%7B%22catalogue_num%22%3A%22seasoning07%22%7D&trigger_type=taxonomy_seasoning07&filter_sub_category=seasoning"
  },
  {
    "category":"sauce",
    "product_name":"5 small packet Fu Xiaobing stewed beef and sheep soup seasoning packet 40 g",
    "price":5.74,
    "unit_price":"$0.14\/g",
    "sales_count":null,
    "image_url":"https:\/\/img08.weeecdn.net\/item\/image\/965\/366\/269E286B5FDC84A6.jpeg!c560x560_q80.auto",
    "source_url":"https:\/\/www.sayweee.com\/en\/category\/seasoning07\/Soup-Base?page=1&offset=0&filters=%7B%22catalogue_num%22%3A%22seasoning07%22%7D&trigger_type=taxonomy_seasoning07&filter_sub_category=seasoning"
  },
  {
    "category":"sauce",
    "product_name":"Lee Kum Kee Chicken Bouillon Powder 8oz 1 each",
    "price":7.17,
    "unit_price":"nan",
    "sales_count":null,
    "image_url":"https:\/\/img08.weeecdn.net\/item\/image\/389\/731\/66243B43220AE92.jpeg!c560x560_q80.auto",
    "source_url":"https:\/\/www.sayweee.com\/en\/category\/seasoning07\/Soup-Base?page=1&offset=0&filters=%7B%22catalogue_num%22%3A%22seasoning07%22%7D&trigger_type=taxonomy_seasoning07&filter_sub_category=seasoning"
  },
  {
    "category":"sauce",
    "product_name":"Coconut Curry Sauce 175g * 1 bottle 175 g",
    "price":17.89,
    "unit_price":"$0.10\/g",
    "sales_count":null,
    "image_url":"https:\/\/img08.weeecdn.net\/item\/image\/370\/727\/18C7287771BFCF1B.jpeg!c560x560_q80.auto",
    "source_url":"https:\/\/www.sayweee.com\/en\/category\/seasoning07\/Soup-Base?page=1&offset=0&filters=%7B%22catalogue_num%22%3A%22seasoning07%22%7D&trigger_type=taxonomy_seasoning07&filter_sub_category=seasoning"
  },
  {
    "category":"sauce",
    "product_name":"Lanzhou ramen soup stock250g *1 can 250 g",
    "price":15.03,
    "unit_price":"$0.06\/g",
    "sales_count":null,
    "image_url":"https:\/\/img08.weeecdn.net\/item\/image\/607\/456\/4CF5C9A4959CA644.webp!c560x560_q80.auto",
    "source_url":"https:\/\/www.sayweee.com\/en\/category\/seasoning07\/Soup-Base?page=1&offset=0&filters=%7B%22catalogue_num%22%3A%22seasoning07%22%7D&trigger_type=taxonomy_seasoning07&filter_sub_category=seasoning"
  },
  {
    "category":"sauce",
    "product_name":"Haidi Lao Express Chef Mapo Tofu Seasoning Mix 80 g",
    "price":7.99,
    "unit_price":"$0.09\/g",
    "sales_count":null,
    "image_url":"https:\/\/img08.weeecdn.net\/item\/image\/475\/386\/6A90B1B8745BEF10.jpeg!c560x560_q80.auto",
    "source_url":"https:\/\/www.sayweee.com\/en\/category\/seasoning07\/Soup-Base?page=1&offset=0&filters=%7B%22catalogue_num%22%3A%22seasoning07%22%7D&trigger_type=taxonomy_seasoning07&filter_sub_category=seasoning"
  },
  {
    "category":"sauce",
    "product_name":"Bailidong Yin Gong Soup Recipe Package 200g *1 Bag 200 g",
    "price":12.59,
    "unit_price":"$0.06\/g",
    "sales_count":null,
    "image_url":"https:\/\/img08.weeecdn.net\/item\/image\/667\/498\/6CFAC3EEF6C360C1.jpeg!c560x560_q80.auto",
    "source_url":"https:\/\/www.sayweee.com\/en\/category\/seasoning07\/Soup-Base?page=1&offset=0&filters=%7B%22catalogue_num%22%3A%22seasoning07%22%7D&trigger_type=taxonomy_seasoning07&filter_sub_category=seasoning"
  },
  {
    "category":"sauce",
    "product_name":"Spicy sauce, small seafood seasoning sauce*1 1000 g",
    "price":50.65,
    "unit_price":"$0.05\/g",
    "sales_count":null,
    "image_url":"https:\/\/img08.weeecdn.net\/item\/image\/010\/002\/3EFFF2850A56BF84.webp!c560x560_q80.auto",
    "source_url":"https:\/\/www.sayweee.com\/en\/category\/seasoning07\/Soup-Base?page=1&offset=0&filters=%7B%22catalogue_num%22%3A%22seasoning07%22%7D&trigger_type=taxonomy_seasoning07&filter_sub_category=seasoning"
  },
  {
    "category":"sauce",
    "product_name":"Yunnan mushroom bun 100 g",
    "price":8.39,
    "unit_price":"$0.08\/g",
    "sales_count":null,
    "image_url":"https:\/\/img08.weeecdn.net\/item\/image\/727\/034\/1DCAF58D5E814078.png.jpeg!c560x560_q80.auto",
    "source_url":"https:\/\/www.sayweee.com\/en\/category\/seasoning07\/Soup-Base?page=1&offset=0&filters=%7B%22catalogue_num%22%3A%22seasoning07%22%7D&trigger_type=taxonomy_seasoning07&filter_sub_category=seasoning"
  },
  {
    "category":"sauce",
    "product_name":"Honey sauce char siu sauce 100g * 1 pack 100 g",
    "price":6.31,
    "unit_price":"$0.06\/g",
    "sales_count":null,
    "image_url":"https:\/\/img08.weeecdn.net\/item\/image\/799\/128\/5B625A0B4CFB3E6.webp!c560x560_q80.auto",
    "source_url":"https:\/\/www.sayweee.com\/en\/category\/seasoning07\/Soup-Base?page=1&offset=0&filters=%7B%22catalogue_num%22%3A%22seasoning07%22%7D&trigger_type=taxonomy_seasoning07&filter_sub_category=seasoning"
  },
  {
    "category":"sauce",
    "product_name":"wild perilla sauce 350 g",
    "price":24.53,
    "unit_price":"$0.07\/g",
    "sales_count":null,
    "image_url":"https:\/\/img08.weeecdn.net\/item\/image\/353\/297\/7A7BC404CD1837BE.jpeg!c560x560_q80.auto",
    "source_url":"https:\/\/www.sayweee.com\/en\/category\/seasoning07\/Soup-Base?page=1&offset=0&filters=%7B%22catalogue_num%22%3A%22seasoning07%22%7D&trigger_type=taxonomy_seasoning07&filter_sub_category=seasoning"
  },
  {
    "category":"sauce",
    "product_name":"Tofu pudding sauce *1 bag 80 g",
    "price":9.99,
    "unit_price":"$0.12\/g",
    "sales_count":null,
    "image_url":"https:\/\/img08.weeecdn.net\/item\/image\/086\/370\/10FEB3D3D23CFA06.webp!c560x560_q80.auto",
    "source_url":"https:\/\/www.sayweee.com\/en\/category\/seasoning07\/Soup-Base?page=1&offset=0&filters=%7B%22catalogue_num%22%3A%22seasoning07%22%7D&trigger_type=taxonomy_seasoning07&filter_sub_category=seasoning"
  },
  {
    "category":"sauce",
    "product_name":"Wonton soup packet 3.5g*10 packets 35 g",
    "price":7.95,
    "unit_price":"$0.22\/g",
    "sales_count":null,
    "image_url":"https:\/\/img08.weeecdn.net\/item\/image\/002\/212\/72C249959F39C641.jpeg!c560x560_q80.auto",
    "source_url":"https:\/\/www.sayweee.com\/en\/category\/seasoning07\/Soup-Base?page=1&offset=0&filters=%7B%22catalogue_num%22%3A%22seasoning07%22%7D&trigger_type=taxonomy_seasoning07&filter_sub_category=seasoning"
  },
  {
    "category":"sauce",
    "product_name":"Sour soup fatty beef sour and spicy hot pot base*1 50 g",
    "price":3.89,
    "unit_price":"$0.07\/g",
    "sales_count":null,
    "image_url":"https:\/\/img08.weeecdn.net\/item\/image\/466\/723\/6ED5340583AC1AC0.jpeg!c560x560_q80.auto",
    "source_url":"https:\/\/www.sayweee.com\/en\/category\/seasoning07\/Soup-Base?page=1&offset=0&filters=%7B%22catalogue_num%22%3A%22seasoning07%22%7D&trigger_type=taxonomy_seasoning07&filter_sub_category=seasoning"
  },
  {
    "category":"sauce",
    "product_name":"Quoc Viet Beef Flavored PHO BO Soup Base 10 oz",
    "price":8.55,
    "unit_price":"$0.85\/oz",
    "sales_count":null,
    "image_url":"https:\/\/img08.weeecdn.net\/item\/image\/158\/194\/172DD6DAAF647967.png.jpeg!c560x560_q80.auto",
    "source_url":"https:\/\/www.sayweee.com\/en\/category\/seasoning07\/Soup-Base?page=1&offset=0&filters=%7B%22catalogue_num%22%3A%22seasoning07%22%7D&trigger_type=taxonomy_seasoning07&filter_sub_category=seasoning"
  },
  {
    "category":"sauce",
    "product_name":"Wang Gang Hot Pot Seasoning,extra spicy 500 g",
    "price":22.0,
    "unit_price":"$0.04\/g",
    "sales_count":null,
    "image_url":"https:\/\/img08.weeecdn.net\/item\/image\/245\/498\/554D3BC4E3F41215.jpeg!c560x560_q80.auto",
    "source_url":"https:\/\/www.sayweee.com\/en\/category\/seasoning07\/Soup-Base?page=1&offset=0&filters=%7B%22catalogue_num%22%3A%22seasoning07%22%7D&trigger_type=taxonomy_seasoning07&filter_sub_category=seasoning"
  },
  {
    "category":"sauce",
    "product_name":"Concentrated Cooking Tamarind - Nuoc Cot Me Dac 454 g",
    "price":4.29,
    "unit_price":"nan",
    "sales_count":null,
    "image_url":"https:\/\/img08.weeecdn.net\/item\/image\/477\/079\/3224C7BF70E973B9.jpeg!c560x560_q80.auto",
    "source_url":"https:\/\/www.sayweee.com\/en\/category\/seasoning07\/Soup-Base?page=1&offset=0&filters=%7B%22catalogue_num%22%3A%22seasoning07%22%7D&trigger_type=taxonomy_seasoning07&filter_sub_category=seasoning"
  },
  {
    "category":"sauce",
    "product_name":"Quoc Viet Cot Sup Heo Pork Flavored Soup Base 1 each",
    "price":9.99,
    "unit_price":"nan",
    "sales_count":null,
    "image_url":"https:\/\/img08.weeecdn.net\/item\/image\/830\/456\/1B4490E853B0FD2D.jpeg!c560x560_q80.auto",
    "source_url":"https:\/\/www.sayweee.com\/en\/category\/seasoning07\/Soup-Base?page=1&offset=0&filters=%7B%22catalogue_num%22%3A%22seasoning07%22%7D&trigger_type=taxonomy_seasoning07&filter_sub_category=seasoning"
  },
  {
    "category":"sauce",
    "product_name":"Fresh matsutake mushroom soup bag *1 bag 120 g",
    "price":14.0,
    "unit_price":"$0.11\/g",
    "sales_count":null,
    "image_url":"https:\/\/img08.weeecdn.net\/item\/image\/729\/755\/2E6F1E1FAFC78F0C.webp!c560x560_q80.auto",
    "source_url":"https:\/\/www.sayweee.com\/en\/category\/seasoning07\/Soup-Base?page=1&offset=0&filters=%7B%22catalogue_num%22%3A%22seasoning07%22%7D&trigger_type=taxonomy_seasoning07&filter_sub_category=seasoning"
  },
  {
    "category":"sauce",
    "product_name":"Mushroom Soup Hot Pot Base Small Pack 50g*5 packs 250 g",
    "price":10.8,
    "unit_price":"$0.04\/g",
    "sales_count":null,
    "image_url":"https:\/\/img08.weeecdn.net\/item\/image\/829\/587\/22BCBE1007CFFAF9.webp!c560x560_q80.auto",
    "source_url":"https:\/\/www.sayweee.com\/en\/category\/seasoning07\/Soup-Base?page=1&offset=0&filters=%7B%22catalogue_num%22%3A%22seasoning07%22%7D&trigger_type=taxonomy_seasoning07&filter_sub_category=seasoning"
  },
  {
    "category":"sauce",
    "product_name":"Weixianju Oden soup base. Ingredient seasoning packet. Hot pot soup base. Seasoning for boiled vegetables. Japanese style. 40g * 2 bags. 80 g",
    "price":3.99,
    "unit_price":"$0.04\/g",
    "sales_count":null,
    "image_url":"https:\/\/img08.weeecdn.net\/item\/image\/582\/079\/7305171EC7A8FB74.webp!c560x560_q80.auto",
    "source_url":"https:\/\/www.sayweee.com\/en\/category\/seasoning07\/Soup-Base?page=1&offset=0&filters=%7B%22catalogue_num%22%3A%22seasoning07%22%7D&trigger_type=taxonomy_seasoning07&filter_sub_category=seasoning"
  },
  {
    "category":"sauce",
    "product_name":"Japanese Style Soy Milk Hotpot Soup 36g*4 bag\/ 1 each",
    "price":5.99,
    "unit_price":"nan",
    "sales_count":null,
    "image_url":"https:\/\/img08.weeecdn.net\/item\/image\/526\/510\/170BC30468E48E20.jpeg!c560x560_q80.auto",
    "source_url":"https:\/\/www.sayweee.com\/en\/category\/seasoning07\/Soup-Base?page=1&offset=0&filters=%7B%22catalogue_num%22%3A%22seasoning07%22%7D&trigger_type=taxonomy_seasoning07&filter_sub_category=seasoning"
  },
  {
    "category":"sauce",
    "product_name":"NESTLADY Mushroom Soup Bag Healthy Natural and Delicious 60 g",
    "price":12.31,
    "unit_price":"$0.20\/g",
    "sales_count":null,
    "image_url":"https:\/\/img08.weeecdn.net\/item\/image\/313\/672\/36A431ED852778FC.jpeg!c560x560_q80.auto",
    "source_url":"https:\/\/www.sayweee.com\/en\/category\/seasoning07\/Soup-Base?page=1&offset=0&filters=%7B%22catalogue_num%22%3A%22seasoning07%22%7D&trigger_type=taxonomy_seasoning07&filter_sub_category=seasoning"
  },
  {
    "category":"sauce",
    "product_name":"HOUSE JAPAN BISTRO Stewed Beef 170 g",
    "price":7.99,
    "unit_price":"$0.04\/g",
    "sales_count":null,
    "image_url":"https:\/\/img08.weeecdn.net\/item\/image\/372\/473\/2ADA87AA6143BE09.png!c560x560_q80.auto",
    "source_url":"https:\/\/www.sayweee.com\/en\/category\/seasoning07\/Soup-Base?page=1&offset=0&filters=%7B%22catalogue_num%22%3A%22seasoning07%22%7D&trigger_type=taxonomy_seasoning07&filter_sub_category=seasoning"
  },
  {
    "category":"sauce",
    "product_name":"HOUSE Ripe Tomato Beef Rice Bowl with Sauce Seasoning 184 g",
    "price":6.99,
    "unit_price":"$0.03\/g",
    "sales_count":null,
    "image_url":"https:\/\/img08.weeecdn.net\/item\/image\/763\/180\/776F88BB3CD83218.jpeg!c560x560_q80.auto",
    "source_url":"https:\/\/www.sayweee.com\/en\/category\/seasoning07\/Soup-Base?page=1&offset=0&filters=%7B%22catalogue_num%22%3A%22seasoning07%22%7D&trigger_type=taxonomy_seasoning07&filter_sub_category=seasoning"
  },
  {
    "category":"sauce",
    "product_name":"NESTLADY Goldenseal reishi soup bag combination soup 41g\/bag 1 count",
    "price":16.71,
    "unit_price":"nan",
    "sales_count":null,
    "image_url":"https:\/\/img08.weeecdn.net\/item\/image\/500\/297\/214BA7CCA1977011.jpeg!c560x560_q80.auto",
    "source_url":"https:\/\/www.sayweee.com\/en\/category\/seasoning07\/Soup-Base?page=1&offset=0&filters=%7B%22catalogue_num%22%3A%22seasoning07%22%7D&trigger_type=taxonomy_seasoning07&filter_sub_category=seasoning"
  },
  {
    "category":"sauce",
    "product_name":"NESTLADY Fish gum yam cordyceps flower soup bag combination soup 70g\/bag 1 count",
    "price":16.71,
    "unit_price":"nan",
    "sales_count":null,
    "image_url":"https:\/\/img08.weeecdn.net\/item\/image\/442\/863\/162776A7923C7DF5.jpeg!c560x560_q80.auto",
    "source_url":"https:\/\/www.sayweee.com\/en\/category\/seasoning07\/Soup-Base?page=1&offset=0&filters=%7B%22catalogue_num%22%3A%22seasoning07%22%7D&trigger_type=taxonomy_seasoning07&filter_sub_category=seasoning"
  },
  {
    "category":"sauce",
    "product_name":"NESTLADY Lotus Seed Lily Jade Bamboo Soup Bag combination soup  60g\/bag 1 count",
    "price":14.07,
    "unit_price":"nan",
    "sales_count":null,
    "image_url":"https:\/\/img08.weeecdn.net\/item\/image\/242\/967\/1031ACE7DC1CE6F3.jpeg!c560x560_q80.auto",
    "source_url":"https:\/\/www.sayweee.com\/en\/category\/seasoning07\/Soup-Base?page=1&offset=0&filters=%7B%22catalogue_num%22%3A%22seasoning07%22%7D&trigger_type=taxonomy_seasoning07&filter_sub_category=seasoning"
  },
  {
    "category":"sauce",
    "product_name":"NESTLADY Ginseng agaricus mushroom soup bag combination soup bag 82g\/bag 1 count",
    "price":16.71,
    "unit_price":"nan",
    "sales_count":null,
    "image_url":"https:\/\/img08.weeecdn.net\/item\/image\/975\/355\/497CD1A6E95279BF.jpeg!c560x560_q80.auto",
    "source_url":"https:\/\/www.sayweee.com\/en\/category\/seasoning07\/Soup-Base?page=1&offset=0&filters=%7B%22catalogue_num%22%3A%22seasoning07%22%7D&trigger_type=taxonomy_seasoning07&filter_sub_category=seasoning"
  },
  {
    "category":"sauce",
    "product_name":"NESTLADY Poria yam soup bag Combination soup bag 55g\/bag 1 count",
    "price":14.07,
    "unit_price":"nan",
    "sales_count":null,
    "image_url":"https:\/\/img08.weeecdn.net\/item\/image\/580\/186\/5C48B4A264274FD9.jpeg!c560x560_q80.auto",
    "source_url":"https:\/\/www.sayweee.com\/en\/category\/seasoning07\/Soup-Base?page=1&offset=0&filters=%7B%22catalogue_num%22%3A%22seasoning07%22%7D&trigger_type=taxonomy_seasoning07&filter_sub_category=seasoning"
  },
  {
    "category":"sauce",
    "product_name":"NESTLADY Ginseng Lily Longan Soup Bag Good for chicken stew 107g\/bag 1 count",
    "price":16.71,
    "unit_price":"nan",
    "sales_count":null,
    "image_url":"https:\/\/img08.weeecdn.net\/item\/image\/653\/115\/79D0A2D9734C0FAF.jpeg!c560x560_q80.auto",
    "source_url":"https:\/\/www.sayweee.com\/en\/category\/seasoning07\/Soup-Base?page=1&offset=0&filters=%7B%22catalogue_num%22%3A%22seasoning07%22%7D&trigger_type=taxonomy_seasoning07&filter_sub_category=seasoning"
  },
  {
    "category":"sauce",
    "product_name":"NESTLADY Sishen Soup Healthy Assorted Soup 95g\/bag 1 count",
    "price":14.95,
    "unit_price":"nan",
    "sales_count":null,
    "image_url":"https:\/\/img08.weeecdn.net\/item\/image\/851\/009\/5D07F543135064A3.jpeg!c560x560_q80.auto",
    "source_url":"https:\/\/www.sayweee.com\/en\/category\/seasoning07\/Soup-Base?page=1&offset=0&filters=%7B%22catalogue_num%22%3A%22seasoning07%22%7D&trigger_type=taxonomy_seasoning07&filter_sub_category=seasoning"
  },
  {
    "category":"sauce",
    "product_name":"NESTLADY Coconut sugar cane thatch soup combination soup bag 65g\/bag 1 count",
    "price":14.07,
    "unit_price":"nan",
    "sales_count":null,
    "image_url":"https:\/\/img08.weeecdn.net\/item\/image\/802\/858\/35BBE398A5ADEDE6.jpeg!c560x560_q80.auto",
    "source_url":"https:\/\/www.sayweee.com\/en\/category\/seasoning07\/Soup-Base?page=1&offset=0&filters=%7B%22catalogue_num%22%3A%22seasoning07%22%7D&trigger_type=taxonomy_seasoning07&filter_sub_category=seasoning"
  },
  {
    "category":"sauce",
    "product_name":"Spicy Golden Soup Base 260 g",
    "price":3.79,
    "unit_price":"nan",
    "sales_count":null,
    "image_url":"https:\/\/img08.weeecdn.net\/item\/image\/813\/127\/44BC48D19EA67E98.png!c560x560_q80.auto",
    "source_url":"https:\/\/www.sayweee.com\/en\/category\/seasoning07\/Soup-Base?page=1&offset=0&filters=%7B%22catalogue_num%22%3A%22seasoning07%22%7D&trigger_type=taxonomy_seasoning07&filter_sub_category=seasoning"
  },
  {
    "category":"sauce",
    "product_name":"President soup Package No. 4 Tonic fish Soup 90 g",
    "price":9.99,
    "unit_price":"$0.11\/g",
    "sales_count":null,
    "image_url":"https:\/\/img08.weeecdn.net\/item\/image\/866\/762\/72A5953F3B4A68C4.jpeg!c560x560_q80.auto",
    "source_url":"https:\/\/www.sayweee.com\/en\/category\/seasoning07\/Soup-Base?page=1&offset=0&filters=%7B%22catalogue_num%22%3A%22seasoning07%22%7D&trigger_type=taxonomy_seasoning07&filter_sub_category=seasoning"
  },
  {
    "category":"sauce",
    "product_name":"President's Soup Pack no. 2 Sydney Lean Soup 80 g",
    "price":9.99,
    "unit_price":"$0.12\/g",
    "sales_count":null,
    "image_url":"https:\/\/img08.weeecdn.net\/item\/image\/970\/263\/6EC47FA3AD117E3.jpeg!c560x560_q80.auto",
    "source_url":"https:\/\/www.sayweee.com\/en\/category\/seasoning07\/Soup-Base?page=1&offset=0&filters=%7B%22catalogue_num%22%3A%22seasoning07%22%7D&trigger_type=taxonomy_seasoning07&filter_sub_category=seasoning"
  },
  {
    "category":"sauce",
    "product_name":"Frutus Momordica Grosvenoril Soup 120 g",
    "price":10.99,
    "unit_price":"$0.09\/g",
    "sales_count":null,
    "image_url":"https:\/\/img08.weeecdn.net\/item\/image\/177\/158\/3E5CE2E8307DD7E0.png!c560x560_q80.auto",
    "source_url":"https:\/\/www.sayweee.com\/en\/category\/seasoning07\/Soup-Base?page=1&offset=0&filters=%7B%22catalogue_num%22%3A%22seasoning07%22%7D&trigger_type=taxonomy_seasoning07&filter_sub_category=seasoning"
  },
  {
    "category":"sauce",
    "product_name":"Panax notoginseng Soup 83 g",
    "price":10.99,
    "unit_price":"$0.13\/g",
    "sales_count":null,
    "image_url":"https:\/\/img08.weeecdn.net\/item\/image\/100\/877\/26E70A5786F057DB.png!c560x560_q80.auto",
    "source_url":"https:\/\/www.sayweee.com\/en\/category\/seasoning07\/Soup-Base?page=1&offset=0&filters=%7B%22catalogue_num%22%3A%22seasoning07%22%7D&trigger_type=taxonomy_seasoning07&filter_sub_category=seasoning"
  },
  {
    "category":"sauce",
    "product_name":"Burdock Soup 150 g",
    "price":10.99,
    "unit_price":"$0.07\/g",
    "sales_count":null,
    "image_url":"https:\/\/img08.weeecdn.net\/item\/image\/890\/499\/2D622A72173A879B.png!c560x560_q80.auto",
    "source_url":"https:\/\/www.sayweee.com\/en\/category\/seasoning07\/Soup-Base?page=1&offset=0&filters=%7B%22catalogue_num%22%3A%22seasoning07%22%7D&trigger_type=taxonomy_seasoning07&filter_sub_category=seasoning"
  },
  {
    "category":"sauce",
    "product_name":"HOUSE JAPAN HOUKAIIDO Stew Corn Cream 180 g",
    "price":6.6,
    "unit_price":"$0.03\/g",
    "sales_count":null,
    "image_url":"https:\/\/img08.weeecdn.net\/item\/image\/653\/523\/1425CE6A734A1658.jpeg!c560x560_q80.auto",
    "source_url":"https:\/\/www.sayweee.com\/en\/category\/seasoning07\/Soup-Base?page=1&offset=0&filters=%7B%22catalogue_num%22%3A%22seasoning07%22%7D&trigger_type=taxonomy_seasoning07&filter_sub_category=seasoning"
  },
  {
    "category":"sauce",
    "product_name":"HOUSE JAPAN HOUKAIIDO Stew Scallop Cream 144 g",
    "price":6.6,
    "unit_price":"$0.04\/g",
    "sales_count":null,
    "image_url":"https:\/\/img08.weeecdn.net\/item\/image\/941\/366\/6D0802A8ECB0B4E3.jpeg!c560x560_q80.auto",
    "source_url":"https:\/\/www.sayweee.com\/en\/category\/seasoning07\/Soup-Base?page=1&offset=0&filters=%7B%22catalogue_num%22%3A%22seasoning07%22%7D&trigger_type=taxonomy_seasoning07&filter_sub_category=seasoning"
  },
  {
    "category":"sauce",
    "product_name":"HOUSE JAPAN HOUKAIIDO Stew Cream Cheese 180 g",
    "price":6.6,
    "unit_price":"$0.03\/g",
    "sales_count":null,
    "image_url":"https:\/\/img08.weeecdn.net\/item\/image\/767\/562\/7725485C8ADE65DF.jpeg!c560x560_q80.auto",
    "source_url":"https:\/\/www.sayweee.com\/en\/category\/seasoning07\/Soup-Base?page=1&offset=0&filters=%7B%22catalogue_num%22%3A%22seasoning07%22%7D&trigger_type=taxonomy_seasoning07&filter_sub_category=seasoning"
  },
  {
    "category":"sauce",
    "product_name":"JAPAN Chinese Style Seafood Soup Soup 100 g",
    "price":5.85,
    "unit_price":"$0.05\/g",
    "sales_count":null,
    "image_url":"https:\/\/img08.weeecdn.net\/item\/image\/972\/686\/73904F3CCC73C697.jpeg!c560x560_q80.auto",
    "source_url":"https:\/\/www.sayweee.com\/en\/category\/seasoning07\/Soup-Base?page=1&offset=0&filters=%7B%22catalogue_num%22%3A%22seasoning07%22%7D&trigger_type=taxonomy_seasoning07&filter_sub_category=seasoning"
  },
  {
    "category":"sauce",
    "product_name":"AJINOMOTO Soup Pot Bottom Seasoning thick white stock pot 8pc 1 each",
    "price":6.89,
    "unit_price":"nan",
    "sales_count":null,
    "image_url":"https:\/\/img08.weeecdn.net\/item\/image\/017\/359\/292F407B504E015.png!c560x560_q80.auto",
    "source_url":"https:\/\/www.sayweee.com\/en\/category\/seasoning07\/Soup-Base?page=1&offset=0&filters=%7B%22catalogue_num%22%3A%22seasoning07%22%7D&trigger_type=taxonomy_seasoning07&filter_sub_category=seasoning"
  },
  {
    "category":"sauce",
    "product_name":"Soup Pot Bottom Seasoning Seafood Pot 8pcs 1 each",
    "price":6.89,
    "unit_price":"nan",
    "sales_count":null,
    "image_url":"https:\/\/img08.weeecdn.net\/item\/image\/028\/286\/268B91FAE11160CF.png!c560x560_q80.auto",
    "source_url":"https:\/\/www.sayweee.com\/en\/category\/seasoning07\/Soup-Base?page=1&offset=0&filters=%7B%22catalogue_num%22%3A%22seasoning07%22%7D&trigger_type=taxonomy_seasoning07&filter_sub_category=seasoning"
  },
  {
    "category":"sauce",
    "product_name":"Ajinomoto Mushroom MISO SOUP 1pc 1 each",
    "price":2.5,
    "unit_price":"nan",
    "sales_count":null,
    "image_url":"https:\/\/img08.weeecdn.net\/item\/image\/240\/727\/63E4C264C618DAE0.jpeg!c560x560_q80.auto",
    "source_url":"https:\/\/www.sayweee.com\/en\/category\/seasoning07\/Soup-Base?page=1&offset=0&filters=%7B%22catalogue_num%22%3A%22seasoning07%22%7D&trigger_type=taxonomy_seasoning07&filter_sub_category=seasoning"
  },
  {
    "category":"sauce",
    "product_name":"NESTLADY SI WU TANG  Soup 30g*4pcs 120 g",
    "price":14.95,
    "unit_price":"$0.12\/g",
    "sales_count":null,
    "image_url":"https:\/\/img08.weeecdn.net\/item\/image\/849\/022\/23E8DFA990D6AB65.jpeg!c560x560_q80.auto",
    "source_url":"https:\/\/www.sayweee.com\/en\/category\/seasoning07\/Soup-Base?page=1&offset=0&filters=%7B%22catalogue_num%22%3A%22seasoning07%22%7D&trigger_type=taxonomy_seasoning07&filter_sub_category=seasoning"
  },
  {
    "category":"sauce",
    "product_name":"SEOUL SOUP SECRET Instant Convenient Korean Soup Base Tablets 30 count",
    "price":19.99,
    "unit_price":"$0.66\/count",
    "sales_count":null,
    "image_url":"https:\/\/img08.weeecdn.net\/item\/image\/577\/063\/2A150F65007C5706.png!c560x560_q80.auto",
    "source_url":"https:\/\/www.sayweee.com\/en\/category\/seasoning07\/Soup-Base?page=1&offset=0&filters=%7B%22catalogue_num%22%3A%22seasoning07%22%7D&trigger_type=taxonomy_seasoning07&filter_sub_category=seasoning"
  },
  {
    "category":"sauce",
    "product_name":"Haidilao Hot Pot Mushroom Soup Base 150 g",
    "price":4.49,
    "unit_price":"$0.84\/oz",
    "sales_count":1.0,
    "image_url":"https:\/\/img08.weeecdn.net\/product\/image\/666\/870\/56E2C0CB03CE7D84.png!c560x560_q80.auto",
    "source_url":"https:\/\/www.sayweee.com\/en\/category\/seasoning07\/Soup-Base?page=1&offset=0&filters=%7B%22catalogue_num%22%3A%22seasoning07%22%7D&trigger_type=taxonomy_seasoning07&filter_sub_category=seasoning"
  },
  {
    "category":"sauce",
    "product_name":"Chuanwazi Sour Soup Base 260 g",
    "price":2.79,
    "unit_price":"$0.30\/oz",
    "sales_count":500.0,
    "image_url":"https:\/\/img08.weeecdn.net\/product\/image\/431\/813\/7984029D830E3F25.png!c560x560_q80.auto",
    "source_url":"https:\/\/www.sayweee.com\/en\/category\/seasoning07\/Soup-Base?page=1&offset=0&filters=%7B%22catalogue_num%22%3A%22seasoning07%22%7D&trigger_type=taxonomy_seasoning07&filter_sub_category=seasoning"
  },
  {
    "category":"sauce",
    "product_name":"Bull Head Satay Hot Pot Soup Base 12.3 oz",
    "price":8.79,
    "unit_price":"$0.71\/oz",
    "sales_count":100.0,
    "image_url":"https:\/\/img08.weeecdn.net\/item\/image\/374\/868\/174594A8ABC52063.jpg!c560x560_q80.auto",
    "source_url":"https:\/\/www.sayweee.com\/en\/category\/seasoning07\/Soup-Base?page=1&offset=0&filters=%7B%22catalogue_num%22%3A%22seasoning07%22%7D&trigger_type=taxonomy_seasoning07&filter_sub_category=seasoning"
  },
  {
    "category":"sauce",
    "product_name":"JDZW Vegetarian Chicken Soup Flavor Soup Base 100 g",
    "price":4.99,
    "unit_price":"$1.41\/oz",
    "sales_count":200.0,
    "image_url":"https:\/\/img08.weeecdn.net\/product\/image\/784\/485\/7B6DC0919F59940.png!c560x560_q80.auto",
    "source_url":"https:\/\/www.sayweee.com\/en\/category\/seasoning07\/Soup-Base?page=1&offset=0&filters=%7B%22catalogue_num%22%3A%22seasoning07%22%7D&trigger_type=taxonomy_seasoning07&filter_sub_category=seasoning"
  },
  {
    "category":"sauce",
    "product_name":"Hot Pot Seasoning Granules 320 g",
    "price":7.49,
    "unit_price":"$0.66\/oz",
    "sales_count":200.0,
    "image_url":"https:\/\/img08.weeecdn.net\/product\/image\/611\/839\/20BFA2DDDA0EBED5.png!c560x560_q80.auto",
    "source_url":"https:\/\/www.sayweee.com\/en\/category\/seasoning07\/Soup-Base?page=1&offset=0&filters=%7B%22catalogue_num%22%3A%22seasoning07%22%7D&trigger_type=taxonomy_seasoning07&filter_sub_category=seasoning"
  },
  {
    "category":"sauce",
    "product_name":"Daisho x Ippudo Hotpot Soup Base Paitan style 750 g",
    "price":6.79,
    "unit_price":"$0.25\/oz",
    "sales_count":100.0,
    "image_url":"https:\/\/img08.weeecdn.net\/product\/image\/154\/595\/FE430C96E481FD5.png!c560x560_q80.auto",
    "source_url":"https:\/\/www.sayweee.com\/en\/category\/seasoning07\/Soup-Base?page=1&offset=0&filters=%7B%22catalogue_num%22%3A%22seasoning07%22%7D&trigger_type=taxonomy_seasoning07&filter_sub_category=seasoning"
  },
  {
    "category":"sauce",
    "product_name":"JDZW Sukiyaki Soup Base 100 g",
    "price":4.69,
    "unit_price":"$1.32\/oz",
    "sales_count":100.0,
    "image_url":"https:\/\/img08.weeecdn.net\/product\/image\/859\/384\/461E747295ECDA28.png!c560x560_q80.auto",
    "source_url":"https:\/\/www.sayweee.com\/en\/category\/seasoning07\/Soup-Base?page=1&offset=0&filters=%7B%22catalogue_num%22%3A%22seasoning07%22%7D&trigger_type=taxonomy_seasoning07&filter_sub_category=seasoning"
  },
  {
    "category":"sauce",
    "product_name":"Little Sheep White Pepper Soup Base 140 g",
    "price":5.49,
    "unit_price":"$1.11\/oz",
    "sales_count":50.0,
    "image_url":"https:\/\/img08.weeecdn.net\/product\/image\/631\/063\/24FBE6A5183722B2.png!c560x560_q80.auto",
    "source_url":"https:\/\/www.sayweee.com\/en\/category\/seasoning07\/Soup-Base?page=1&offset=0&filters=%7B%22catalogue_num%22%3A%22seasoning07%22%7D&trigger_type=taxonomy_seasoning07&filter_sub_category=seasoning"
  },
  {
    "category":"tofu",
    "product_name":"Havista Bamboo Shoots 250 g",
    "price":3.79,
    "unit_price":"$3.99",
    "sales_count":null,
    "image_url":"https:\/\/img08.weeecdn.net\/description\/image\/382\/795\/5D4F83C2D0FB98FF.png!c560x560_q80.auto",
    "source_url":"https:\/\/www.sayweee.com\/en\/category\/tofuplantbased11\/Pickled-Vegetables?page=1&offset=0&filters=%7B%22catalogue_num%22%3A%22tofuplantbased11%22%7D&trigger_type=taxonomy_tofuplantbased11&filter_sub_category=tofuplantbased"
  },
  {
    "category":"tofu",
    "product_name":"Gourmet Farm Pickled Cabbage, Shredded 1 lb",
    "price":3.79,
    "unit_price":"$3.99",
    "sales_count":null,
    "image_url":"https:\/\/img08.weeecdn.net\/product\/image\/007\/193\/3865B90A392AFFC.png!c560x560_q80.auto",
    "source_url":"https:\/\/www.sayweee.com\/en\/category\/tofuplantbased11\/Pickled-Vegetables?page=1&offset=0&filters=%7B%22catalogue_num%22%3A%22tofuplantbased11%22%7D&trigger_type=taxonomy_tofuplantbased11&filter_sub_category=tofuplantbased"
  },
  {
    "category":"tofu",
    "product_name":"iida Umeboshi Shiso Aji (Pickled Plums) 300 g",
    "price":7.99,
    "unit_price":"$0.75\/oz",
    "sales_count":200.0,
    "image_url":"https:\/\/img08.weeecdn.net\/product\/image\/363\/678\/3F0ED9FAEC2DA376.png!c560x560_q80.auto",
    "source_url":"https:\/\/www.sayweee.com\/en\/category\/tofuplantbased11\/Pickled-Vegetables?page=1&offset=0&filters=%7B%22catalogue_num%22%3A%22tofuplantbased11%22%7D&trigger_type=taxonomy_tofuplantbased11&filter_sub_category=tofuplantbased"
  },
  {
    "category":"tofu",
    "product_name":"Yissine Pickled Whole Radish 2.2 lb",
    "price":6.99,
    "unit_price":"$0.19\/oz",
    "sales_count":200.0,
    "image_url":"https:\/\/img08.weeecdn.net\/product\/image\/592\/590\/5DDFE067CDF8CD8B.png!c560x560_q80.auto",
    "source_url":"https:\/\/www.sayweee.com\/en\/category\/tofuplantbased11\/Pickled-Vegetables?page=1&offset=0&filters=%7B%22catalogue_num%22%3A%22tofuplantbased11%22%7D&trigger_type=taxonomy_tofuplantbased11&filter_sub_category=tofuplantbased"
  },
  {
    "category":"tofu",
    "product_name":"Takuan Ipponzuke (Japanese Pickled Radish) 12.3 oz",
    "price":3.99,
    "unit_price":"$0.32\/oz",
    "sales_count":200.0,
    "image_url":"https:\/\/img08.weeecdn.net\/product\/image\/990\/788\/7180421579858354.png!c560x560_q80.auto",
    "source_url":"https:\/\/www.sayweee.com\/en\/category\/tofuplantbased11\/Pickled-Vegetables?page=1&offset=0&filters=%7B%22catalogue_num%22%3A%22tofuplantbased11%22%7D&trigger_type=taxonomy_tofuplantbased11&filter_sub_category=tofuplantbased"
  },
  {
    "category":"tofu",
    "product_name":"Niitakaya Aokappa Kyurizuke (Pickled Cucumber) 183 ml",
    "price":5.99,
    "unit_price":"100+ SOLD",
    "sales_count":100.0,
    "image_url":"https:\/\/img08.weeecdn.net\/product\/image\/597\/528\/434CFA5FE7F9EAF7.png!c560x560_q80.auto",
    "source_url":"https:\/\/www.sayweee.com\/en\/category\/tofuplantbased11\/Pickled-Vegetables?page=1&offset=0&filters=%7B%22catalogue_num%22%3A%22tofuplantbased11%22%7D&trigger_type=taxonomy_tofuplantbased11&filter_sub_category=tofuplantbased"
  },
  {
    "category":"tofu",
    "product_name":"Saline Bamboo Shoots 400 g",
    "price":4.29,
    "unit_price":"$0.30\/oz",
    "sales_count":null,
    "image_url":"https:\/\/img08.weeecdn.net\/product\/image\/835\/553\/33779B83DAA1102B.png!c560x560_q80.auto",
    "source_url":"https:\/\/www.sayweee.com\/en\/category\/tofuplantbased11\/Pickled-Vegetables?page=1&offset=0&filters=%7B%22catalogue_num%22%3A%22tofuplantbased11%22%7D&trigger_type=taxonomy_tofuplantbased11&filter_sub_category=tofuplantbased"
  },
  {
    "category":"tofu",
    "product_name":"SURASANG Seasoned Burdock & Pickled Radish 8.46 oz",
    "price":4.49,
    "unit_price":"$0.53\/oz",
    "sales_count":500.0,
    "image_url":"https:\/\/img08.weeecdn.net\/product\/image\/241\/763\/5C63B728A44E4FD6.png!c560x560_q80.auto",
    "source_url":"https:\/\/www.sayweee.com\/en\/category\/tofuplantbased11\/Pickled-Vegetables?page=1&offset=0&filters=%7B%22catalogue_num%22%3A%22tofuplantbased11%22%7D&trigger_type=taxonomy_tofuplantbased11&filter_sub_category=tofuplantbased"
  },
  {
    "category":"tofu",
    "product_name":"iida Umeboshi Hachimitsu Pickled Plums 10.58 oz",
    "price":7.99,
    "unit_price":"$0.75\/oz",
    "sales_count":200.0,
    "image_url":"https:\/\/img08.weeecdn.net\/item\/image\/337\/128\/39231E7D726E99D2.jpg!c560x560_q80.auto",
    "source_url":"https:\/\/www.sayweee.com\/en\/category\/tofuplantbased11\/Pickled-Vegetables?page=1&offset=0&filters=%7B%22catalogue_num%22%3A%22tofuplantbased11%22%7D&trigger_type=taxonomy_tofuplantbased11&filter_sub_category=tofuplantbased"
  },
  {
    "category":"tofu",
    "product_name":"Gourmet Farm  Pickled Cabbage 1 lb",
    "price":3.29,
    "unit_price":"$3.99",
    "sales_count":null,
    "image_url":"https:\/\/img08.weeecdn.net\/product\/image\/304\/713\/10236F1B028ABBFD.png!c560x560_q80.auto",
    "source_url":"https:\/\/www.sayweee.com\/en\/category\/tofuplantbased11\/Pickled-Vegetables?page=1&offset=0&filters=%7B%22catalogue_num%22%3A%22tofuplantbased11%22%7D&trigger_type=taxonomy_tofuplantbased11&filter_sub_category=tofuplantbased"
  },
  {
    "category":"tofu",
    "product_name":"Makino Bamboo Shoot 400 g",
    "price":6.99,
    "unit_price":"$0.49\/oz",
    "sales_count":400.0,
    "image_url":"https:\/\/img08.weeecdn.net\/item\/image\/998\/862\/37F673863DFC7F9B.jpg!c560x560_q80.auto",
    "source_url":"https:\/\/www.sayweee.com\/en\/category\/tofuplantbased11\/Pickled-Vegetables?page=1&offset=0&filters=%7B%22catalogue_num%22%3A%22tofuplantbased11%22%7D&trigger_type=taxonomy_tofuplantbased11&filter_sub_category=tofuplantbased"
  },
  {
    "category":"tofu",
    "product_name":"WANG Pickled yellow radish(Old School Style) 35 oz",
    "price":9.99,
    "unit_price":"$0.28\/oz",
    "sales_count":50.0,
    "image_url":"https:\/\/img08.weeecdn.net\/item\/image\/563\/710\/6C69FC473B230C8B.jpg!c560x560_q80.auto",
    "source_url":"https:\/\/www.sayweee.com\/en\/category\/tofuplantbased11\/Pickled-Vegetables?page=1&offset=0&filters=%7B%22catalogue_num%22%3A%22tofuplantbased11%22%7D&trigger_type=taxonomy_tofuplantbased11&filter_sub_category=tofuplantbased"
  },
  {
    "category":"tofu",
    "product_name":"Jayone Korean White Pickled Radish, Wasabi 350 g",
    "price":3.49,
    "unit_price":"$0.28\/oz",
    "sales_count":300.0,
    "image_url":"https:\/\/img08.weeecdn.net\/product\/image\/270\/846\/27EB10F5C31A71A.png!c560x560_q80.auto",
    "source_url":"https:\/\/www.sayweee.com\/en\/category\/tofuplantbased11\/Pickled-Vegetables?page=1&offset=0&filters=%7B%22catalogue_num%22%3A%22tofuplantbased11%22%7D&trigger_type=taxonomy_tofuplantbased11&filter_sub_category=tofuplantbased"
  },
  {
    "category":"tofu",
    "product_name":"Niitakaya Shibazuke Pickled Cucumber 6.2 fl.oz",
    "price":5.99,
    "unit_price":"nan",
    "sales_count":null,
    "image_url":"https:\/\/img08.weeecdn.net\/product\/image\/796\/990\/52676EAF25D9DBBE.png!c560x560_q80.auto",
    "source_url":"https:\/\/www.sayweee.com\/en\/category\/tofuplantbased11\/Pickled-Vegetables?page=1&offset=0&filters=%7B%22catalogue_num%22%3A%22tofuplantbased11%22%7D&trigger_type=taxonomy_tofuplantbased11&filter_sub_category=tofuplantbased"
  },
  {
    "category":"tofu",
    "product_name":"Sajo Daerim Seasoned Radish Strip 150 g",
    "price":3.99,
    "unit_price":"$0.75\/oz",
    "sales_count":null,
    "image_url":"https:\/\/img08.weeecdn.net\/product\/image\/271\/862\/302A68CC3F2FA00C.png!c560x560_q80.auto",
    "source_url":"https:\/\/www.sayweee.com\/en\/category\/tofuplantbased11\/Pickled-Vegetables?page=1&offset=0&filters=%7B%22catalogue_num%22%3A%22tofuplantbased11%22%7D&trigger_type=taxonomy_tofuplantbased11&filter_sub_category=tofuplantbased"
  },
  {
    "category":"tofu",
    "product_name":"HANSANG Pickled Radish Wrapper for Korean BBQ 330 g",
    "price":3.99,
    "unit_price":"$0.34\/oz",
    "sales_count":100.0,
    "image_url":"https:\/\/img08.weeecdn.net\/item\/image\/907\/458\/6037DB6C34B856B4.png!c560x560_q80.auto",
    "source_url":"https:\/\/www.sayweee.com\/en\/category\/tofuplantbased11\/Pickled-Vegetables?page=1&offset=0&filters=%7B%22catalogue_num%22%3A%22tofuplantbased11%22%7D&trigger_type=taxonomy_tofuplantbased11&filter_sub_category=tofuplantbased"
  },
  {
    "category":"tofu",
    "product_name":"Watson Pickled Garlic 500 g",
    "price":4.29,
    "unit_price":"$0.24\/oz",
    "sales_count":200.0,
    "image_url":"https:\/\/img08.weeecdn.net\/product\/image\/893\/335\/2450A83F8F0A46D.png!c560x560_q80.auto",
    "source_url":"https:\/\/www.sayweee.com\/en\/category\/tofuplantbased11\/Pickled-Vegetables?page=1&offset=0&filters=%7B%22catalogue_num%22%3A%22tofuplantbased11%22%7D&trigger_type=taxonomy_tofuplantbased11&filter_sub_category=tofuplantbased"
  },
  {
    "category":"tofu",
    "product_name":"CJ Half Sliced Pickled Radish 400 g",
    "price":5.49,
    "unit_price":"$0.38\/oz",
    "sales_count":null,
    "image_url":"https:\/\/img08.weeecdn.net\/product\/image\/289\/671\/7AE78FE3EA18C338.png!c560x560_q80.auto",
    "source_url":"https:\/\/www.sayweee.com\/en\/category\/tofuplantbased11\/Pickled-Vegetables?page=1&offset=0&filters=%7B%22catalogue_num%22%3A%22tofuplantbased11%22%7D&trigger_type=taxonomy_tofuplantbased11&filter_sub_category=tofuplantbased"
  },
  {
    "category":"tofu",
    "product_name":"Nakazono Kyutaro Takana Aburaae 5.28 oz",
    "price":4.99,
    "unit_price":"$0.94\/oz",
    "sales_count":null,
    "image_url":"https:\/\/img08.weeecdn.net\/product\/image\/452\/231\/1CACCBA7C5D17AA5.png!c560x560_q80.auto",
    "source_url":"https:\/\/www.sayweee.com\/en\/category\/tofuplantbased11\/Pickled-Vegetables?page=1&offset=0&filters=%7B%22catalogue_num%22%3A%22tofuplantbased11%22%7D&trigger_type=taxonomy_tofuplantbased11&filter_sub_category=tofuplantbased"
  },
  {
    "category":"tofu",
    "product_name":"Jongga Seasoned Dried Radish 200 g",
    "price":8.29,
    "unit_price":"$1.17\/oz",
    "sales_count":null,
    "image_url":"https:\/\/img08.weeecdn.net\/product\/image\/102\/392\/19A4C3CF041EAE5B.png!c560x560_q80.auto",
    "source_url":"https:\/\/www.sayweee.com\/en\/category\/tofuplantbased11\/Pickled-Vegetables?page=1&offset=0&filters=%7B%22catalogue_num%22%3A%22tofuplantbased11%22%7D&trigger_type=taxonomy_tofuplantbased11&filter_sub_category=tofuplantbased"
  },
  {
    "category":"tofu",
    "product_name":"GaoLiNongZhuang Bellflower Root 50gx3pack 150 g",
    "price":4.99,
    "unit_price":"$0.94\/oz",
    "sales_count":null,
    "image_url":"https:\/\/img08.weeecdn.net\/product\/image\/276\/835\/5521A7B907588FF8.png!c560x560_q80.auto",
    "source_url":"https:\/\/www.sayweee.com\/en\/category\/tofuplantbased11\/Pickled-Vegetables?page=1&offset=0&filters=%7B%22catalogue_num%22%3A%22tofuplantbased11%22%7D&trigger_type=taxonomy_tofuplantbased11&filter_sub_category=tofuplantbased"
  },
  {
    "category":"tofu",
    "product_name":"Takayama Ajitsuke Kanpyo (Seasoned Gourd Shavings for Sushi use) 60 g",
    "price":3.99,
    "unit_price":"$1.88\/oz",
    "sales_count":null,
    "image_url":"https:\/\/img08.weeecdn.net\/product\/image\/481\/176\/44E0C1327787D579.png!c560x560_q80.auto",
    "source_url":"https:\/\/www.sayweee.com\/en\/category\/tofuplantbased11\/Pickled-Vegetables?page=1&offset=0&filters=%7B%22catalogue_num%22%3A%22tofuplantbased11%22%7D&trigger_type=taxonomy_tofuplantbased11&filter_sub_category=tofuplantbased"
  },
  {
    "category":"tofu",
    "product_name":"CJ Whole Pickled Radish 400 g",
    "price":5.49,
    "unit_price":"$0.38\/oz",
    "sales_count":null,
    "image_url":"https:\/\/img08.weeecdn.net\/item\/image\/786\/065\/1C7D534A24D7FAEF.png!c560x560_q80.auto",
    "source_url":"https:\/\/www.sayweee.com\/en\/category\/tofuplantbased11\/Pickled-Vegetables?page=1&offset=0&filters=%7B%22catalogue_num%22%3A%22tofuplantbased11%22%7D&trigger_type=taxonomy_tofuplantbased11&filter_sub_category=tofuplantbased"
  },
  {
    "category":"tofu",
    "product_name":"Niitakaya Fukujinzuke (Pickled Radish) 183 ml",
    "price":5.99,
    "unit_price":"200+ SOLD",
    "sales_count":200.0,
    "image_url":"https:\/\/img08.weeecdn.net\/product\/image\/656\/231\/6C20416163C08ADC.png!c560x560_q80.auto",
    "source_url":"https:\/\/www.sayweee.com\/en\/category\/tofuplantbased11\/Pickled-Vegetables?page=1&offset=0&filters=%7B%22catalogue_num%22%3A%22tofuplantbased11%22%7D&trigger_type=taxonomy_tofuplantbased11&filter_sub_category=tofuplantbased"
  },
  {
    "category":"tofu",
    "product_name":"SAUERKRAUT KING - Small Leaf Mustard Greens 300 g",
    "price":1.99,
    "unit_price":"$0.18\/oz",
    "sales_count":100.0,
    "image_url":"https:\/\/img08.weeecdn.net\/product\/image\/424\/441\/7E660872D7B23C.png!c560x560_q80.auto",
    "source_url":"https:\/\/www.sayweee.com\/en\/category\/tofuplantbased11\/Pickled-Vegetables?page=1&offset=0&filters=%7B%22catalogue_num%22%3A%22tofuplantbased11%22%7D&trigger_type=taxonomy_tofuplantbased11&filter_sub_category=tofuplantbased"
  },
  {
    "category":"tofu",
    "product_name":"Sweet Pickled Ginger (Sushi ginger) 12 oz",
    "price":9.49,
    "unit_price":"$0.79\/oz",
    "sales_count":null,
    "image_url":"https:\/\/img08.weeecdn.net\/product\/image\/696\/409\/682E0CB9FCB7855C.png!c560x560_q80.auto",
    "source_url":"https:\/\/www.sayweee.com\/en\/category\/tofuplantbased11\/Pickled-Vegetables?page=1&offset=0&filters=%7B%22catalogue_num%22%3A%22tofuplantbased11%22%7D&trigger_type=taxonomy_tofuplantbased11&filter_sub_category=tofuplantbased"
  },
  {
    "category":"tofu",
    "product_name":"Wang Korea Seaweed Stem 10 oz",
    "price":3.29,
    "unit_price":"$0.32\/oz",
    "sales_count":50.0,
    "image_url":"https:\/\/img08.weeecdn.net\/product\/image\/226\/451\/47663DD54E20159C.png!c560x560_q80.auto",
    "source_url":"https:\/\/www.sayweee.com\/en\/category\/tofuplantbased11\/Pickled-Vegetables?page=1&offset=0&filters=%7B%22catalogue_num%22%3A%22tofuplantbased11%22%7D&trigger_type=taxonomy_tofuplantbased11&filter_sub_category=tofuplantbased"
  },
  {
    "category":"tofu",
    "product_name":"Niitakaya Rakkyou (Pickled Scallion) 183 ml",
    "price":5.99,
    "unit_price":"nan",
    "sales_count":null,
    "image_url":"https:\/\/img08.weeecdn.net\/product\/image\/918\/039\/6EE788BC4960F38.png!c560x560_q80.auto",
    "source_url":"https:\/\/www.sayweee.com\/en\/category\/tofuplantbased11\/Pickled-Vegetables?page=1&offset=0&filters=%7B%22catalogue_num%22%3A%22tofuplantbased11%22%7D&trigger_type=taxonomy_tofuplantbased11&filter_sub_category=tofuplantbased"
  },
  {
    "category":"tofu",
    "product_name":"ChuanBaWang Pickled Cabbage 100 g",
    "price":0.79,
    "unit_price":"$0.22\/oz",
    "sales_count":1.0,
    "image_url":"https:\/\/img08.weeecdn.net\/product\/image\/982\/273\/13FE527077AF1573.png!c560x560_q80.auto",
    "source_url":"https:\/\/www.sayweee.com\/en\/category\/tofuplantbased11\/Pickled-Vegetables?page=1&offset=0&filters=%7B%22catalogue_num%22%3A%22tofuplantbased11%22%7D&trigger_type=taxonomy_tofuplantbased11&filter_sub_category=tofuplantbased"
  },
  {
    "category":"tofu",
    "product_name":"WANG Seasoned Burdock (Sliced) 8.82 oz",
    "price":4.49,
    "unit_price":"$0.50\/oz",
    "sales_count":null,
    "image_url":"https:\/\/img08.weeecdn.net\/product\/image\/855\/294\/322DF4F34E44D994.png!c560x560_q80.auto",
    "source_url":"https:\/\/www.sayweee.com\/en\/category\/tofuplantbased11\/Pickled-Vegetables?page=1&offset=0&filters=%7B%22catalogue_num%22%3A%22tofuplantbased11%22%7D&trigger_type=taxonomy_tofuplantbased11&filter_sub_category=tofuplantbased"
  },
  {
    "category":"tofu",
    "product_name":"Shirakiku Takuan Value Pack 2.2 lb",
    "price":7.29,
    "unit_price":"$0.20\/oz",
    "sales_count":null,
    "image_url":"https:\/\/img08.weeecdn.net\/product\/image\/978\/575\/161B026504D88B85.png!c560x560_q80.auto",
    "source_url":"https:\/\/www.sayweee.com\/en\/category\/tofuplantbased11\/Pickled-Vegetables?page=1&offset=0&filters=%7B%22catalogue_num%22%3A%22tofuplantbased11%22%7D&trigger_type=taxonomy_tofuplantbased11&filter_sub_category=tofuplantbased"
  },
  {
    "category":"tofu",
    "product_name":"Welpac Takenoko Mizuni (Boiled Bamboo Shoots) 454 g",
    "price":7.29,
    "unit_price":"$0.45\/oz",
    "sales_count":50.0,
    "image_url":"https:\/\/img08.weeecdn.net\/product\/image\/151\/582\/7459B64087E561B0.png!c560x560_q80.auto",
    "source_url":"https:\/\/www.sayweee.com\/en\/category\/tofuplantbased11\/Pickled-Vegetables?page=1&offset=0&filters=%7B%22catalogue_num%22%3A%22tofuplantbased11%22%7D&trigger_type=taxonomy_tofuplantbased11&filter_sub_category=tofuplantbased"
  },
  {
    "category":"tofu",
    "product_name":"Pulmuone Sliced Pickled Radish with Perilla Leaves 300 g",
    "price":5.79,
    "unit_price":"$0.54\/oz",
    "sales_count":200.0,
    "image_url":"https:\/\/img08.weeecdn.net\/item\/image\/263\/460\/7577963DC49A8401.jpg!c560x560_q80.auto",
    "source_url":"https:\/\/www.sayweee.com\/en\/category\/tofuplantbased11\/Pickled-Vegetables?page=1&offset=0&filters=%7B%22catalogue_num%22%3A%22tofuplantbased11%22%7D&trigger_type=taxonomy_tofuplantbased11&filter_sub_category=tofuplantbased"
  },
  {
    "category":"tofu",
    "product_name":"Wang Pickled Garlic 1 lb",
    "price":9.29,
    "unit_price":"$0.58\/oz",
    "sales_count":null,
    "image_url":"https:\/\/img08.weeecdn.net\/item\/image\/672\/100\/4B99C29232642CB4.jpg!c560x560_q80.auto",
    "source_url":"https:\/\/www.sayweee.com\/en\/category\/tofuplantbased11\/Pickled-Vegetables?page=1&offset=0&filters=%7B%22catalogue_num%22%3A%22tofuplantbased11%22%7D&trigger_type=taxonomy_tofuplantbased11&filter_sub_category=tofuplantbased"
  },
  {
    "category":"tofu",
    "product_name":"Shirakiku Nametake Mushroom Rice Seasoning 7.05 oz",
    "price":4.79,
    "unit_price":"$0.67\/oz",
    "sales_count":null,
    "image_url":"https:\/\/img08.weeecdn.net\/product\/image\/425\/451\/2D887F5769F6135B.png!c560x560_q80.auto",
    "source_url":"https:\/\/www.sayweee.com\/en\/category\/tofuplantbased11\/Pickled-Vegetables?page=1&offset=0&filters=%7B%22catalogue_num%22%3A%22tofuplantbased11%22%7D&trigger_type=taxonomy_tofuplantbased11&filter_sub_category=tofuplantbased"
  },
  {
    "category":"tofu",
    "product_name":"Sajo Daerim Pickled Cucumber 300 g",
    "price":4.99,
    "unit_price":"$0.47\/oz",
    "sales_count":50.0,
    "image_url":"https:\/\/img08.weeecdn.net\/product\/image\/556\/849\/352EAFB679CF42EC.png!c560x560_q80.auto",
    "source_url":"https:\/\/www.sayweee.com\/en\/category\/tofuplantbased11\/Pickled-Vegetables?page=1&offset=0&filters=%7B%22catalogue_num%22%3A%22tofuplantbased11%22%7D&trigger_type=taxonomy_tofuplantbased11&filter_sub_category=tofuplantbased"
  },
  {
    "category":"tofu",
    "product_name":"Top Grade Water Jiaobai Bamboo 300 g",
    "price":8.99,
    "unit_price":"$0.84\/oz",
    "sales_count":50.0,
    "image_url":"https:\/\/img08.weeecdn.net\/product\/image\/761\/802\/35CBC26B77E51D7E.png!c560x560_q80.auto",
    "source_url":"https:\/\/www.sayweee.com\/en\/category\/tofuplantbased11\/Pickled-Vegetables?page=1&offset=0&filters=%7B%22catalogue_num%22%3A%22tofuplantbased11%22%7D&trigger_type=taxonomy_tofuplantbased11&filter_sub_category=tofuplantbased"
  },
  {
    "category":"tofu",
    "product_name":"GaoLiNongZhuang Pickled Radishes 3pks 150 g",
    "price":4.99,
    "unit_price":"$0.94\/oz",
    "sales_count":50.0,
    "image_url":"https:\/\/img08.weeecdn.net\/product\/image\/039\/305\/6473D2E033029433.png!c560x560_q80.auto",
    "source_url":"https:\/\/www.sayweee.com\/en\/category\/tofuplantbased11\/Pickled-Vegetables?page=1&offset=0&filters=%7B%22catalogue_num%22%3A%22tofuplantbased11%22%7D&trigger_type=taxonomy_tofuplantbased11&filter_sub_category=tofuplantbased"
  },
  {
    "category":"tofu",
    "product_name":"Welpac Edible wild plants mix (Sansai) 654 g",
    "price":8.99,
    "unit_price":"$0.38\/oz",
    "sales_count":null,
    "image_url":"https:\/\/img08.weeecdn.net\/product\/image\/767\/168\/67E1D47709126DA7.png!c560x560_q80.auto",
    "source_url":"https:\/\/www.sayweee.com\/en\/category\/tofuplantbased11\/Pickled-Vegetables?page=1&offset=0&filters=%7B%22catalogue_num%22%3A%22tofuplantbased11%22%7D&trigger_type=taxonomy_tofuplantbased11&filter_sub_category=tofuplantbased"
  },
  {
    "category":"tofu",
    "product_name":"Watson Salted Seaweed Slice 454 g",
    "price":4.99,
    "unit_price":"$0.31\/oz",
    "sales_count":null,
    "image_url":"https:\/\/img08.weeecdn.net\/item\/image\/437\/032\/38355D789AFD30AF.jpg!c560x560_q80.auto",
    "source_url":"https:\/\/www.sayweee.com\/en\/category\/tofuplantbased11\/Pickled-Vegetables?page=1&offset=0&filters=%7B%22catalogue_num%22%3A%22tofuplantbased11%22%7D&trigger_type=taxonomy_tofuplantbased11&filter_sub_category=tofuplantbased"
  },
  {
    "category":"tofu",
    "product_name":"Gochujang Pickled Plum 1 lb",
    "price":12.99,
    "unit_price":"$0.81\/oz",
    "sales_count":null,
    "image_url":"https:\/\/img08.weeecdn.net\/product\/image\/833\/492\/5DBD0B38A4BE71C7.png!c560x560_q80.auto",
    "source_url":"https:\/\/www.sayweee.com\/en\/category\/tofuplantbased11\/Pickled-Vegetables?page=1&offset=0&filters=%7B%22catalogue_num%22%3A%22tofuplantbased11%22%7D&trigger_type=taxonomy_tofuplantbased11&filter_sub_category=tofuplantbased"
  },
  {
    "category":"tofu",
    "product_name":"Pulmuone Sliced Pickled Radish 300 g",
    "price":5.49,
    "unit_price":"$0.51\/oz",
    "sales_count":null,
    "image_url":"https:\/\/img08.weeecdn.net\/product\/image\/697\/015\/5981DBEFF1F7C04F.png!c560x560_q80.auto",
    "source_url":"https:\/\/www.sayweee.com\/en\/category\/tofuplantbased11\/Pickled-Vegetables?page=1&offset=0&filters=%7B%22catalogue_num%22%3A%22tofuplantbased11%22%7D&trigger_type=taxonomy_tofuplantbased11&filter_sub_category=tofuplantbased"
  },
  {
    "category":"tofu",
    "product_name":"GaoLiNongZhuang Sliced Cucumber 50gx3pack 150 g",
    "price":3.99,
    "unit_price":"$0.75\/oz",
    "sales_count":null,
    "image_url":"https:\/\/img08.weeecdn.net\/product\/image\/176\/951\/6E1D506057A17ED4.png!c560x560_q80.auto",
    "source_url":"https:\/\/www.sayweee.com\/en\/category\/tofuplantbased11\/Pickled-Vegetables?page=1&offset=0&filters=%7B%22catalogue_num%22%3A%22tofuplantbased11%22%7D&trigger_type=taxonomy_tofuplantbased11&filter_sub_category=tofuplantbased"
  },
  {
    "category":"tofu",
    "product_name":"Taos source fresh hand-peel bamboo shoots chili (spicy flavor) 230 g",
    "price":9.89,
    "unit_price":"$10.99",
    "sales_count":null,
    "image_url":"https:\/\/img08.weeecdn.net\/item\/image\/517\/226\/3A4FD507AB5BA742.jpeg!c560x560_q80.auto",
    "source_url":"https:\/\/www.sayweee.com\/en\/category\/tofuplantbased11\/Pickled-Vegetables?page=1&offset=0&filters=%7B%22catalogue_num%22%3A%22tofuplantbased11%22%7D&trigger_type=taxonomy_tofuplantbased11&filter_sub_category=tofuplantbased"
  },
  {
    "category":"tofu",
    "product_name":"Taoziyuan fresh hand peel bamboo shoots (old soup flavor)230 grams 230 g",
    "price":9.89,
    "unit_price":"$10.99",
    "sales_count":null,
    "image_url":"https:\/\/img08.weeecdn.net\/item\/image\/958\/063\/17A0C0A50D880625.jpeg!c560x560_q80.auto",
    "source_url":"https:\/\/www.sayweee.com\/en\/category\/tofuplantbased11\/Pickled-Vegetables?page=1&offset=0&filters=%7B%22catalogue_num%22%3A%22tofuplantbased11%22%7D&trigger_type=taxonomy_tofuplantbased11&filter_sub_category=tofuplantbased"
  },
  {
    "category":"tofu",
    "product_name":"Taoziyuan fresh hand peel bamboo shoots (pickled pepper flavor)230 grams 230 g",
    "price":9.89,
    "unit_price":"$10.99",
    "sales_count":null,
    "image_url":"https:\/\/img08.weeecdn.net\/item\/image\/198\/382\/1DFC1B0331A6B203.jpeg!c560x560_q80.auto",
    "source_url":"https:\/\/www.sayweee.com\/en\/category\/tofuplantbased11\/Pickled-Vegetables?page=1&offset=0&filters=%7B%22catalogue_num%22%3A%22tofuplantbased11%22%7D&trigger_type=taxonomy_tofuplantbased11&filter_sub_category=tofuplantbased"
  },
  {
    "category":"tofu",
    "product_name":"Chili Fish Head Seasoning 570g*1 Bottle 570 g",
    "price":26.99,
    "unit_price":"$0.04\/g",
    "sales_count":null,
    "image_url":"https:\/\/img08.weeecdn.net\/item\/image\/025\/333\/47B2F89E1252BD39.jpeg!c560x560_q80.auto",
    "source_url":"https:\/\/www.sayweee.com\/en\/category\/tofuplantbased11\/Pickled-Vegetables?page=1&offset=0&filters=%7B%22catalogue_num%22%3A%22tofuplantbased11%22%7D&trigger_type=taxonomy_tofuplantbased11&filter_sub_category=tofuplantbased"
  },
  {
    "category":"tofu",
    "product_name":"Green Fish Head Chopped Chili 235g*1 Bottle 235 g",
    "price":20.99,
    "unit_price":"$0.08\/g",
    "sales_count":null,
    "image_url":"https:\/\/img08.weeecdn.net\/item\/image\/525\/524\/225CD2B8AAC37765.jpeg!c560x560_q80.auto",
    "source_url":"https:\/\/www.sayweee.com\/en\/category\/tofuplantbased11\/Pickled-Vegetables?page=1&offset=0&filters=%7B%22catalogue_num%22%3A%22tofuplantbased11%22%7D&trigger_type=taxonomy_tofuplantbased11&filter_sub_category=tofuplantbased"
  },
  {
    "category":"tofu",
    "product_name":"Red Fish Head Chopped Chili 120g*2 Bags 240 g",
    "price":9.99,
    "unit_price":"$0.04\/g",
    "sales_count":null,
    "image_url":"https:\/\/img08.weeecdn.net\/item\/image\/899\/985\/623CD18AB1090C1B.jpeg!c560x560_q80.auto",
    "source_url":"https:\/\/www.sayweee.com\/en\/category\/tofuplantbased11\/Pickled-Vegetables?page=1&offset=0&filters=%7B%22catalogue_num%22%3A%22tofuplantbased11%22%7D&trigger_type=taxonomy_tofuplantbased11&filter_sub_category=tofuplantbased"
  },
  {
    "category":"tofu",
    "product_name":"Yellow Chopped Chili 500g*1 Bottle 500 g",
    "price":25.99,
    "unit_price":"$0.05\/g",
    "sales_count":null,
    "image_url":"https:\/\/img08.weeecdn.net\/item\/image\/994\/852\/1305C60AD948C252.jpeg!c560x560_q80.auto",
    "source_url":"https:\/\/www.sayweee.com\/en\/category\/tofuplantbased11\/Pickled-Vegetables?page=1&offset=0&filters=%7B%22catalogue_num%22%3A%22tofuplantbased11%22%7D&trigger_type=taxonomy_tofuplantbased11&filter_sub_category=tofuplantbased"
  },
  {
    "category":"tofu",
    "product_name":"Red Chopped Chili 500g*1 Bottle 500 g",
    "price":30.99,
    "unit_price":"$0.06\/g",
    "sales_count":null,
    "image_url":"https:\/\/img08.weeecdn.net\/item\/image\/218\/665\/4224BDCC2D912058.jpeg!c560x560_q80.auto",
    "source_url":"https:\/\/www.sayweee.com\/en\/category\/tofuplantbased11\/Pickled-Vegetables?page=1&offset=0&filters=%7B%22catalogue_num%22%3A%22tofuplantbased11%22%7D&trigger_type=taxonomy_tofuplantbased11&filter_sub_category=tofuplantbased"
  },
  {
    "category":"tofu",
    "product_name":"Yefeng Saline Bamboo Shoots 400 g",
    "price":4.29,
    "unit_price":"$0.30\/oz",
    "sales_count":null,
    "image_url":"https:\/\/img08.weeecdn.net\/item\/image\/934\/243\/4AFF516A78FE115F.jpg!c560x560_q80.auto",
    "source_url":"https:\/\/www.sayweee.com\/en\/category\/tofuplantbased11\/Pickled-Vegetables?page=1&offset=0&filters=%7B%22catalogue_num%22%3A%22tofuplantbased11%22%7D&trigger_type=taxonomy_tofuplantbased11&filter_sub_category=tofuplantbased"
  },
  {
    "category":"tofu",
    "product_name":"Sajo Pickled Radish-Sliced & Half Cut 200 g",
    "price":2.99,
    "unit_price":"$0.42\/oz",
    "sales_count":400.0,
    "image_url":"https:\/\/img08.weeecdn.net\/product\/image\/989\/153\/7D79CCE98C8FC128.png!c560x560_q80.auto",
    "source_url":"https:\/\/www.sayweee.com\/en\/category\/tofuplantbased11\/Pickled-Vegetables?page=1&offset=0&filters=%7B%22catalogue_num%22%3A%22tofuplantbased11%22%7D&trigger_type=taxonomy_tofuplantbased11&filter_sub_category=tofuplantbased"
  },
  {
    "category":"tofu",
    "product_name":"Jongga Seasoned Perilla Leaves 200 g",
    "price":9.99,
    "unit_price":"$1.41\/oz",
    "sales_count":50.0,
    "image_url":"https:\/\/img08.weeecdn.net\/product\/image\/947\/373\/18D2EC4EE5CAE05A.png!c560x560_q80.auto",
    "source_url":"https:\/\/www.sayweee.com\/en\/category\/tofuplantbased11\/Pickled-Vegetables?page=1&offset=0&filters=%7B%22catalogue_num%22%3A%22tofuplantbased11%22%7D&trigger_type=taxonomy_tofuplantbased11&filter_sub_category=tofuplantbased"
  },
  {
    "category":"tofu",
    "product_name":"Sajo Daerim Seasoned Burdock 150 g",
    "price":4.49,
    "unit_price":"$0.84\/oz",
    "sales_count":50.0,
    "image_url":"https:\/\/img08.weeecdn.net\/product\/image\/505\/171\/2EA411B58A20D123.png!c560x560_q80.auto",
    "source_url":"https:\/\/www.sayweee.com\/en\/category\/tofuplantbased11\/Pickled-Vegetables?page=1&offset=0&filters=%7B%22catalogue_num%22%3A%22tofuplantbased11%22%7D&trigger_type=taxonomy_tofuplantbased11&filter_sub_category=tofuplantbased"
  },
  {
    "category":"tofu",
    "product_name":"Sajo Daerim Seasoned Garlic Stem 150 g",
    "price":4.79,
    "unit_price":"$0.90\/oz",
    "sales_count":null,
    "image_url":"https:\/\/img08.weeecdn.net\/product\/image\/813\/325\/76FA0BB1B2340786.png!c560x560_q80.auto",
    "source_url":"https:\/\/www.sayweee.com\/en\/category\/tofuplantbased11\/Pickled-Vegetables?page=1&offset=0&filters=%7B%22catalogue_num%22%3A%22tofuplantbased11%22%7D&trigger_type=taxonomy_tofuplantbased11&filter_sub_category=tofuplantbased"
  },
  {
    "category":"tofu",
    "product_name":"LongHome Pickled Bamboo Shoots – Shredded 16 oz",
    "price":3.99,
    "unit_price":"$0.24\/oz",
    "sales_count":50.0,
    "image_url":"https:\/\/img08.weeecdn.net\/product\/image\/073\/126\/6B29BE1ACB0342E3.png!c560x560_q80.auto",
    "source_url":"https:\/\/www.sayweee.com\/en\/category\/tofuplantbased11\/Pickled-Vegetables?page=1&offset=0&filters=%7B%22catalogue_num%22%3A%22tofuplantbased11%22%7D&trigger_type=taxonomy_tofuplantbased11&filter_sub_category=tofuplantbased"
  },
  {
    "category":"tofu",
    "product_name":"LongHome Pickled Bamboo Shoot (Sliced) 16 oz",
    "price":3.99,
    "unit_price":"$0.24\/oz",
    "sales_count":50.0,
    "image_url":"https:\/\/img08.weeecdn.net\/product\/image\/345\/201\/5DB6E82759DD9E70.png!c560x560_q80.auto",
    "source_url":"https:\/\/www.sayweee.com\/en\/category\/tofuplantbased11\/Pickled-Vegetables?page=1&offset=0&filters=%7B%22catalogue_num%22%3A%22tofuplantbased11%22%7D&trigger_type=taxonomy_tofuplantbased11&filter_sub_category=tofuplantbased"
  },
  {
    "category":"tofu",
    "product_name":"WANG Green Pepper with Soy Sauce 453 g",
    "price":6.99,
    "unit_price":"$0.43\/oz",
    "sales_count":null,
    "image_url":"https:\/\/img08.weeecdn.net\/product\/image\/985\/300\/5610EDB318944218.png!c560x560_q80.auto",
    "source_url":"https:\/\/www.sayweee.com\/en\/category\/tofuplantbased11\/Pickled-Vegetables?page=1&offset=0&filters=%7B%22catalogue_num%22%3A%22tofuplantbased11%22%7D&trigger_type=taxonomy_tofuplantbased11&filter_sub_category=tofuplantbased"
  },
  {
    "category":"tofu",
    "product_name":"Jongga Sliced Cabbage Kimchi 400 g",
    "price":6.49,
    "unit_price":"$0.45\/oz",
    "sales_count":null,
    "image_url":"https:\/\/img08.weeecdn.net\/product\/image\/214\/890\/175FF526FEC9DA26.png!c560x560_q80.auto",
    "source_url":"https:\/\/www.sayweee.com\/en\/category\/tofuplantbased10\/Kimchi?page=1&offset=0&filters=%7B%22catalogue_num%22%3A%22tofuplantbased10%22%7D&trigger_type=taxonomy_tofuplantbased10&filter_sub_category=tofuplantbased"
  },
  {
    "category":"tofu",
    "product_name":"Bibigo Sliced Kimchi 907 g",
    "price":14.99,
    "unit_price":"$0.46\/oz",
    "sales_count":null,
    "image_url":"https:\/\/img08.weeecdn.net\/product\/image\/125\/713\/A3C135978AB90EB.png!c560x560_q80.auto",
    "source_url":"https:\/\/www.sayweee.com\/en\/category\/tofuplantbased10\/Kimchi?page=1&offset=0&filters=%7B%22catalogue_num%22%3A%22tofuplantbased10%22%7D&trigger_type=taxonomy_tofuplantbased10&filter_sub_category=tofuplantbased"
  },
  {
    "category":"tofu",
    "product_name":"Jongga Mat Kimchi 2500 g",
    "price":19.88,
    "unit_price":"$24.99",
    "sales_count":900.0,
    "image_url":"https:\/\/img08.weeecdn.net\/product\/image\/837\/258\/19C18C92087CA32C.png!c560x560_q80.auto",
    "source_url":"https:\/\/www.sayweee.com\/en\/category\/tofuplantbased10\/Kimchi?page=1&offset=0&filters=%7B%22catalogue_num%22%3A%22tofuplantbased10%22%7D&trigger_type=taxonomy_tofuplantbased10&filter_sub_category=tofuplantbased"
  },
  {
    "category":"tofu",
    "product_name":"Kim Chee Pride Kim Chee 13 oz",
    "price":5.49,
    "unit_price":"$0.42\/oz",
    "sales_count":null,
    "image_url":"https:\/\/img08.weeecdn.net\/product\/image\/942\/598\/CF8B6E1770318D9.png!c560x560_q80.auto",
    "source_url":"https:\/\/www.sayweee.com\/en\/category\/tofuplantbased10\/Kimchi?page=1&offset=0&filters=%7B%22catalogue_num%22%3A%22tofuplantbased10%22%7D&trigger_type=taxonomy_tofuplantbased10&filter_sub_category=tofuplantbased"
  },
  {
    "category":"tofu",
    "product_name":"Surasang Cabbage Kimchi, Cut 600 g",
    "price":9.29,
    "unit_price":"$0.43\/oz",
    "sales_count":null,
    "image_url":"https:\/\/img08.weeecdn.net\/item\/image\/770\/935\/42C7948C17C7174A.jpg!c560x560_q80.auto",
    "source_url":"https:\/\/www.sayweee.com\/en\/category\/tofuplantbased10\/Kimchi?page=1&offset=0&filters=%7B%22catalogue_num%22%3A%22tofuplantbased10%22%7D&trigger_type=taxonomy_tofuplantbased10&filter_sub_category=tofuplantbased"
  },
  {
    "category":"tofu",
    "product_name":"Jongga Mat Kimchi 1200 g",
    "price":15.99,
    "unit_price":"$0.37\/oz",
    "sales_count":null,
    "image_url":"https:\/\/img08.weeecdn.net\/product\/image\/959\/749\/1BDEA55217B5473F.png!c560x560_q80.auto",
    "source_url":"https:\/\/www.sayweee.com\/en\/category\/tofuplantbased10\/Kimchi?page=1&offset=0&filters=%7B%22catalogue_num%22%3A%22tofuplantbased10%22%7D&trigger_type=taxonomy_tofuplantbased10&filter_sub_category=tofuplantbased"
  },
  {
    "category":"tofu",
    "product_name":"NongHyup Ponytail Radish Kimchi, Whole 800 g",
    "price":9.99,
    "unit_price":"$0.35\/oz",
    "sales_count":200.0,
    "image_url":"https:\/\/img08.weeecdn.net\/product\/image\/457\/288\/5DF57C101976DDB.png!c560x560_q80.auto",
    "source_url":"https:\/\/www.sayweee.com\/en\/category\/tofuplantbased10\/Kimchi?page=1&offset=0&filters=%7B%22catalogue_num%22%3A%22tofuplantbased10%22%7D&trigger_type=taxonomy_tofuplantbased10&filter_sub_category=tofuplantbased"
  },
  {
    "category":"tofu",
    "product_name":"Jongga Mat Kimchi 500 g",
    "price":8.99,
    "unit_price":"$0.50\/oz",
    "sales_count":null,
    "image_url":"https:\/\/img08.weeecdn.net\/product\/image\/466\/081\/39713897B4215FAF.png!c560x560_q80.auto",
    "source_url":"https:\/\/www.sayweee.com\/en\/category\/tofuplantbased10\/Kimchi?page=1&offset=0&filters=%7B%22catalogue_num%22%3A%22tofuplantbased10%22%7D&trigger_type=taxonomy_tofuplantbased10&filter_sub_category=tofuplantbased"
  },
  {
    "category":"tofu",
    "product_name":"CJ Bibigo Sliced Kimchi 67 oz",
    "price":24.99,
    "unit_price":"$0.37\/oz",
    "sales_count":null,
    "image_url":"https:\/\/img08.weeecdn.net\/product\/image\/532\/310\/44E5273715CA2FB4.png!c560x560_q80.auto",
    "source_url":"https:\/\/www.sayweee.com\/en\/category\/tofuplantbased10\/Kimchi?page=1&offset=0&filters=%7B%22catalogue_num%22%3A%22tofuplantbased10%22%7D&trigger_type=taxonomy_tofuplantbased10&filter_sub_category=tofuplantbased"
  },
  {
    "category":"tofu",
    "product_name":"Jongga Poggi Kimchi 2500 g",
    "price":29.99,
    "unit_price":"$0.33\/oz",
    "sales_count":100.0,
    "image_url":"https:\/\/img08.weeecdn.net\/product\/image\/146\/961\/4D425C5A64AA49E.png!c560x560_q80.auto",
    "source_url":"https:\/\/www.sayweee.com\/en\/category\/tofuplantbased10\/Kimchi?page=1&offset=0&filters=%7B%22catalogue_num%22%3A%22tofuplantbased10%22%7D&trigger_type=taxonomy_tofuplantbased10&filter_sub_category=tofuplantbased"
  },
  {
    "category":"tofu",
    "product_name":"Jongga Kimchi Ponytail Radish 500 g",
    "price":11.99,
    "unit_price":"$0.67\/oz",
    "sales_count":null,
    "image_url":"https:\/\/img08.weeecdn.net\/item\/image\/147\/492\/3CCA062991BC65D0.png!c560x560_q80.auto",
    "source_url":"https:\/\/www.sayweee.com\/en\/category\/tofuplantbased10\/Kimchi?page=1&offset=0&filters=%7B%22catalogue_num%22%3A%22tofuplantbased10%22%7D&trigger_type=taxonomy_tofuplantbased10&filter_sub_category=tofuplantbased"
  },
  {
    "category":"tofu",
    "product_name":"JEOLLANAM-DO RADISH KIMCHI 1200 g",
    "price":17.99,
    "unit_price":"$0.42\/oz",
    "sales_count":300.0,
    "image_url":"https:\/\/img08.weeecdn.net\/product\/image\/282\/625\/1EE4BDF87D041844.png!c560x560_q80.auto",
    "source_url":"https:\/\/www.sayweee.com\/en\/category\/tofuplantbased10\/Kimchi?page=1&offset=0&filters=%7B%22catalogue_num%22%3A%22tofuplantbased10%22%7D&trigger_type=taxonomy_tofuplantbased10&filter_sub_category=tofuplantbased"
  },
  {
    "category":"tofu",
    "product_name":"Surasang Cut Cabbage Kimchi 1200 g",
    "price":17.99,
    "unit_price":"$0.42\/oz",
    "sales_count":50.0,
    "image_url":"https:\/\/img08.weeecdn.net\/item\/image\/440\/802\/5AAF38E0EAB5A73.jpg!c560x560_q80.auto",
    "source_url":"https:\/\/www.sayweee.com\/en\/category\/tofuplantbased10\/Kimchi?page=1&offset=0&filters=%7B%22catalogue_num%22%3A%22tofuplantbased10%22%7D&trigger_type=taxonomy_tofuplantbased10&filter_sub_category=tofuplantbased"
  },
  {
    "category":"tofu",
    "product_name":"CJ Bibigo Sliced Radish Kimchi 450 g",
    "price":6.99,
    "unit_price":"$0.43\/oz",
    "sales_count":null,
    "image_url":"https:\/\/img08.weeecdn.net\/product\/image\/618\/525\/A3B63C811D3D19E.png!c560x560_q80.auto",
    "source_url":"https:\/\/www.sayweee.com\/en\/category\/tofuplantbased10\/Kimchi?page=1&offset=0&filters=%7B%22catalogue_num%22%3A%22tofuplantbased10%22%7D&trigger_type=taxonomy_tofuplantbased10&filter_sub_category=tofuplantbased"
  },
  {
    "category":"tofu",
    "product_name":"JEOLLANAM-DO Napa Cabbage Kimchi (Whole) 5.07 lb",
    "price":23.99,
    "unit_price":"$0.29\/oz",
    "sales_count":100.0,
    "image_url":"https:\/\/img08.weeecdn.net\/product\/image\/553\/497\/22581780158352CF.png!c560x560_q80.auto",
    "source_url":"https:\/\/www.sayweee.com\/en\/category\/tofuplantbased10\/Kimchi?page=1&offset=0&filters=%7B%22catalogue_num%22%3A%22tofuplantbased10%22%7D&trigger_type=taxonomy_tofuplantbased10&filter_sub_category=tofuplantbased"
  },
  {
    "category":"tofu",
    "product_name":"Jongga Mat Kimchi 35 oz",
    "price":14.99,
    "unit_price":"$0.42\/oz",
    "sales_count":null,
    "image_url":"https:\/\/img08.weeecdn.net\/product\/image\/449\/374\/1362C9785BAEBDC6.png!c560x560_q80.auto",
    "source_url":"https:\/\/www.sayweee.com\/en\/category\/tofuplantbased10\/Kimchi?page=1&offset=0&filters=%7B%22catalogue_num%22%3A%22tofuplantbased10%22%7D&trigger_type=taxonomy_tofuplantbased10&filter_sub_category=tofuplantbased"
  },
  {
    "category":"tofu",
    "product_name":"Jongga Pogi (Whole) Cabbage 1000 g",
    "price":17.99,
    "unit_price":"$0.50\/oz",
    "sales_count":null,
    "image_url":"https:\/\/img08.weeecdn.net\/product\/image\/809\/881\/19CBC38AA4C2576E.png!c560x560_q80.auto",
    "source_url":"https:\/\/www.sayweee.com\/en\/category\/tofuplantbased10\/Kimchi?page=1&offset=0&filters=%7B%22catalogue_num%22%3A%22tofuplantbased10%22%7D&trigger_type=taxonomy_tofuplantbased10&filter_sub_category=tofuplantbased"
  },
  {
    "category":"tofu",
    "product_name":"Jongga Whole Radish Kimchi 1000 g",
    "price":18.99,
    "unit_price":"$0.53\/oz",
    "sales_count":null,
    "image_url":"https:\/\/img08.weeecdn.net\/item\/image\/712\/406\/B133A8C61F313F5.jpg!c560x560_q80.auto",
    "source_url":"https:\/\/www.sayweee.com\/en\/category\/tofuplantbased10\/Kimchi?page=1&offset=0&filters=%7B%22catalogue_num%22%3A%22tofuplantbased10%22%7D&trigger_type=taxonomy_tofuplantbased10&filter_sub_category=tofuplantbased"
  },
  {
    "category":"tofu",
    "product_name":"WALKER HILL 5 STAR Hotel Premium KIMCHI 4000 g",
    "price":59.99,
    "unit_price":"$0.42\/oz",
    "sales_count":null,
    "image_url":"https:\/\/img08.weeecdn.net\/product\/image\/502\/171\/2170F7C3E9F3C9D6.png!c560x560_q80.auto",
    "source_url":"https:\/\/www.sayweee.com\/en\/category\/tofuplantbased10\/Kimchi?page=1&offset=0&filters=%7B%22catalogue_num%22%3A%22tofuplantbased10%22%7D&trigger_type=taxonomy_tofuplantbased10&filter_sub_category=tofuplantbased"
  },
  {
    "category":"tofu",
    "product_name":"Jongga Gat Kimchi Mustard Leaf, 1 bag 500 g",
    "price":15.49,
    "unit_price":"$0.87\/oz",
    "sales_count":null,
    "image_url":"https:\/\/img08.weeecdn.net\/product\/image\/563\/255\/39D5B4B6FB263192.png!c560x560_q80.auto",
    "source_url":"https:\/\/www.sayweee.com\/en\/category\/tofuplantbased10\/Kimchi?page=1&offset=0&filters=%7B%22catalogue_num%22%3A%22tofuplantbased10%22%7D&trigger_type=taxonomy_tofuplantbased10&filter_sub_category=tofuplantbased"
  },
  {
    "category":"tofu",
    "product_name":"Jongga Super Spicy Kimchi 350 g",
    "price":7.49,
    "unit_price":"$0.60\/oz",
    "sales_count":null,
    "image_url":"https:\/\/img08.weeecdn.net\/product\/image\/372\/830\/25AC602FAF712A74.png!c560x560_q80.auto",
    "source_url":"https:\/\/www.sayweee.com\/en\/category\/tofuplantbased10\/Kimchi?page=1&offset=0&filters=%7B%22catalogue_num%22%3A%22tofuplantbased10%22%7D&trigger_type=taxonomy_tofuplantbased10&filter_sub_category=tofuplantbased"
  },
  {
    "category":"tofu",
    "product_name":"MORE Whole Cabbage Kimchi 3200 g",
    "price":33.99,
    "unit_price":"$0.30\/oz",
    "sales_count":null,
    "image_url":"https:\/\/img08.weeecdn.net\/product\/image\/230\/020\/50EBF8DBD767D974.png!c560x560_q80.auto",
    "source_url":"https:\/\/www.sayweee.com\/en\/category\/tofuplantbased10\/Kimchi?page=1&offset=0&filters=%7B%22catalogue_num%22%3A%22tofuplantbased10%22%7D&trigger_type=taxonomy_tofuplantbased10&filter_sub_category=tofuplantbased"
  },
  {
    "category":"tofu",
    "product_name":"Nonghyup Pungsan whole Kimchi 5.07 lb",
    "price":16.99,
    "unit_price":"$17.99",
    "sales_count":1.0,
    "image_url":"https:\/\/img08.weeecdn.net\/product\/image\/882\/353\/AB0B71269993DF1.png!c560x560_q80.auto",
    "source_url":"https:\/\/www.sayweee.com\/en\/category\/tofuplantbased10\/Kimchi?page=1&offset=0&filters=%7B%22catalogue_num%22%3A%22tofuplantbased10%22%7D&trigger_type=taxonomy_tofuplantbased10&filter_sub_category=tofuplantbased"
  },
  {
    "category":"tofu",
    "product_name":"CJ Bibigo Sliced Napa Cabbage Kimchi 14 oz",
    "price":7.99,
    "unit_price":"$0.57\/oz",
    "sales_count":null,
    "image_url":"https:\/\/img08.weeecdn.net\/product\/image\/082\/325\/156A65A69BC778F0.png!c560x560_q80.auto",
    "source_url":"https:\/\/www.sayweee.com\/en\/category\/tofuplantbased10\/Kimchi?page=1&offset=0&filters=%7B%22catalogue_num%22%3A%22tofuplantbased10%22%7D&trigger_type=taxonomy_tofuplantbased10&filter_sub_category=tofuplantbased"
  },
  {
    "category":"tofu",
    "product_name":"Pungsan Whole Napa Cabbage Kimchi 2.2 lb",
    "price":8.99,
    "unit_price":"$0.25\/oz",
    "sales_count":200.0,
    "image_url":"https:\/\/img08.weeecdn.net\/product\/image\/060\/364\/43A9E7FA38C7A18C.png!c560x560_q80.auto",
    "source_url":"https:\/\/www.sayweee.com\/en\/category\/tofuplantbased10\/Kimchi?page=1&offset=0&filters=%7B%22catalogue_num%22%3A%22tofuplantbased10%22%7D&trigger_type=taxonomy_tofuplantbased10&filter_sub_category=tofuplantbased"
  },
  {
    "category":"tofu",
    "product_name":"Jongga Green Onion Kimchi 300 g",
    "price":10.99,
    "unit_price":"$1.03\/oz",
    "sales_count":200.0,
    "image_url":"https:\/\/img08.weeecdn.net\/product\/image\/854\/878\/3812C40583345502.png!c560x560_q80.auto",
    "source_url":"https:\/\/www.sayweee.com\/en\/category\/tofuplantbased10\/Kimchi?page=1&offset=0&filters=%7B%22catalogue_num%22%3A%22tofuplantbased10%22%7D&trigger_type=taxonomy_tofuplantbased10&filter_sub_category=tofuplantbased"
  },
  {
    "category":"tofu",
    "product_name":"Jongga Cut Radish Kimchi 500 g",
    "price":9.29,
    "unit_price":"$0.52\/oz",
    "sales_count":null,
    "image_url":"https:\/\/img08.weeecdn.net\/item\/image\/136\/743\/57878853C646151A.jpg!c560x560_q80.auto",
    "source_url":"https:\/\/www.sayweee.com\/en\/category\/tofuplantbased10\/Kimchi?page=1&offset=0&filters=%7B%22catalogue_num%22%3A%22tofuplantbased10%22%7D&trigger_type=taxonomy_tofuplantbased10&filter_sub_category=tofuplantbased"
  },
  {
    "category":"tofu",
    "product_name":"Jongga Yulmu Kimchi 500 g",
    "price":9.49,
    "unit_price":"$0.53\/oz",
    "sales_count":200.0,
    "image_url":"https:\/\/img08.weeecdn.net\/product\/image\/725\/511\/79637B55D58D2539.png!c560x560_q80.auto",
    "source_url":"https:\/\/www.sayweee.com\/en\/category\/tofuplantbased10\/Kimchi?page=1&offset=0&filters=%7B%22catalogue_num%22%3A%22tofuplantbased10%22%7D&trigger_type=taxonomy_tofuplantbased10&filter_sub_category=tofuplantbased"
  },
  {
    "category":"tofu",
    "product_name":"NongHyup Pungsan Napa Cabbage Kimchi, Cut 500 g",
    "price":5.49,
    "unit_price":"$0.31\/oz",
    "sales_count":50.0,
    "image_url":"https:\/\/img08.weeecdn.net\/product\/image\/396\/688\/6A8913356D2AB5FD.png!c560x560_q80.auto",
    "source_url":"https:\/\/www.sayweee.com\/en\/category\/tofuplantbased10\/Kimchi?page=1&offset=0&filters=%7B%22catalogue_num%22%3A%22tofuplantbased10%22%7D&trigger_type=taxonomy_tofuplantbased10&filter_sub_category=tofuplantbased"
  },
  {
    "category":"tofu",
    "product_name":"Goshen Sliced Napa Kimchi 28 oz",
    "price":13.49,
    "unit_price":"$0.48\/oz",
    "sales_count":null,
    "image_url":"https:\/\/img08.weeecdn.net\/item\/image\/654\/890\/3FBA06C04875800D.png!c560x560_q80.auto",
    "source_url":"https:\/\/www.sayweee.com\/en\/category\/tofuplantbased10\/Kimchi?page=1&offset=0&filters=%7B%22catalogue_num%22%3A%22tofuplantbased10%22%7D&trigger_type=taxonomy_tofuplantbased10&filter_sub_category=tofuplantbased"
  },
  {
    "category":"tofu",
    "product_name":"Bibigo Whole Cabbage Kimchi 4.4 lb",
    "price":16.99,
    "unit_price":"$27.99",
    "sales_count":null,
    "image_url":"https:\/\/img08.weeecdn.net\/product\/image\/157\/841\/6AE2EC1C87424503.png!c560x560_q80.auto",
    "source_url":"https:\/\/www.sayweee.com\/en\/category\/tofuplantbased10\/Kimchi?page=1&offset=0&filters=%7B%22catalogue_num%22%3A%22tofuplantbased10%22%7D&trigger_type=taxonomy_tofuplantbased10&filter_sub_category=tofuplantbased"
  },
  {
    "category":"tofu",
    "product_name":"Jongga Baek Kimchi 500 g",
    "price":8.99,
    "unit_price":"$0.50\/oz",
    "sales_count":50.0,
    "image_url":"https:\/\/img08.weeecdn.net\/product\/image\/265\/665\/1429A6F4AF9B2041.png!c560x560_q80.auto",
    "source_url":"https:\/\/www.sayweee.com\/en\/category\/tofuplantbased10\/Kimchi?page=1&offset=0&filters=%7B%22catalogue_num%22%3A%22tofuplantbased10%22%7D&trigger_type=taxonomy_tofuplantbased10&filter_sub_category=tofuplantbased"
  },
  {
    "category":"tofu",
    "product_name":"Goshen Sliced Napa Kimchi 14 oz",
    "price":9.99,
    "unit_price":"$0.71\/oz",
    "sales_count":null,
    "image_url":"https:\/\/img08.weeecdn.net\/item\/image\/289\/594\/22BB64B2E91DF928.png!c560x560_q80.auto",
    "source_url":"https:\/\/www.sayweee.com\/en\/category\/tofuplantbased10\/Kimchi?page=1&offset=0&filters=%7B%22catalogue_num%22%3A%22tofuplantbased10%22%7D&trigger_type=taxonomy_tofuplantbased10&filter_sub_category=tofuplantbased"
  },
  {
    "category":"tofu",
    "product_name":"Goshen Cubed Radish Kimchi 64 oz",
    "price":26.99,
    "unit_price":"$0.42\/oz",
    "sales_count":null,
    "image_url":"https:\/\/img08.weeecdn.net\/item\/image\/955\/979\/12B26763A6662C5B.png!c560x560_q80.auto",
    "source_url":"https:\/\/www.sayweee.com\/en\/category\/tofuplantbased10\/Kimchi?page=1&offset=0&filters=%7B%22catalogue_num%22%3A%22tofuplantbased10%22%7D&trigger_type=taxonomy_tofuplantbased10&filter_sub_category=tofuplantbased"
  },
  {
    "category":"tofu",
    "product_name":"Goshen Cubed Radish Kimchi 28 oz",
    "price":13.99,
    "unit_price":"$0.49\/oz",
    "sales_count":null,
    "image_url":"https:\/\/img08.weeecdn.net\/item\/image\/587\/943\/6DC5985EF5EAED2E.png!c560x560_q80.auto",
    "source_url":"https:\/\/www.sayweee.com\/en\/category\/tofuplantbased10\/Kimchi?page=1&offset=0&filters=%7B%22catalogue_num%22%3A%22tofuplantbased10%22%7D&trigger_type=taxonomy_tofuplantbased10&filter_sub_category=tofuplantbased"
  },
  {
    "category":"tofu",
    "product_name":"Twins Premium Kimchi Cucumber Kimchi 64 oz",
    "price":18.99,
    "unit_price":"$0.29\/oz",
    "sales_count":null,
    "image_url":"https:\/\/img08.weeecdn.net\/product\/image\/814\/562\/54DC5E670F0F774A.png!c560x560_q80.auto",
    "source_url":"https:\/\/www.sayweee.com\/en\/category\/tofuplantbased10\/Kimchi?page=1&offset=0&filters=%7B%22catalogue_num%22%3A%22tofuplantbased10%22%7D&trigger_type=taxonomy_tofuplantbased10&filter_sub_category=tofuplantbased"
  },
  {
    "category":"tofu",
    "product_name":"Goshen Sliced Napa Kimchi 64 oz",
    "price":27.99,
    "unit_price":"$0.43\/oz",
    "sales_count":null,
    "image_url":"https:\/\/img08.weeecdn.net\/item\/image\/928\/168\/DE500A1441989B3.png!c560x560_q80.auto",
    "source_url":"https:\/\/www.sayweee.com\/en\/category\/tofuplantbased10\/Kimchi?page=1&offset=0&filters=%7B%22catalogue_num%22%3A%22tofuplantbased10%22%7D&trigger_type=taxonomy_tofuplantbased10&filter_sub_category=tofuplantbased"
  },
  {
    "category":"tofu",
    "product_name":"Jongga Old Fermented Poggi Kimchi 1000 g",
    "price":17.99,
    "unit_price":"$0.50\/oz",
    "sales_count":null,
    "image_url":"https:\/\/img08.weeecdn.net\/product\/image\/712\/546\/125C1A4068A6795A.png!c560x560_q80.auto",
    "source_url":"https:\/\/www.sayweee.com\/en\/category\/tofuplantbased10\/Kimchi?page=1&offset=0&filters=%7B%22catalogue_num%22%3A%22tofuplantbased10%22%7D&trigger_type=taxonomy_tofuplantbased10&filter_sub_category=tofuplantbased"
  },
  {
    "category":"tofu",
    "product_name":"JEOLLANAM-DO GREEN ONION KIMCHI 400 g",
    "price":12.99,
    "unit_price":"$0.91\/oz",
    "sales_count":null,
    "image_url":"https:\/\/img08.weeecdn.net\/product\/image\/033\/189\/4D20534F9890F91C.png!c560x560_q80.auto",
    "source_url":"https:\/\/www.sayweee.com\/en\/category\/tofuplantbased10\/Kimchi?page=1&offset=0&filters=%7B%22catalogue_num%22%3A%22tofuplantbased10%22%7D&trigger_type=taxonomy_tofuplantbased10&filter_sub_category=tofuplantbased"
  },
  {
    "category":"tofu",
    "product_name":"Nature's Soy Vegan Chicken 8 oz",
    "price":4.49,
    "unit_price":"$0.56\/oz",
    "sales_count":null,
    "image_url":"https:\/\/img08.weeecdn.net\/item\/image\/472\/536\/50241FA54B31843B.jpg!c560x560_q80.auto",
    "source_url":"https:\/\/www.sayweee.com\/en\/category\/tofuplantbased08\/Meal-Entrees?page=1&offset=0&filters=%7B%22catalogue_num%22%3A%22tofuplantbased08%22%7D&trigger_type=taxonomy_tofuplantbased08&filter_sub_category=tofuplantbased"
  },
  {
    "category":"tofu",
    "product_name":"Shimonita Konnyaku Yam Black 9.17 oz",
    "price":1.99,
    "unit_price":"$0.21\/oz",
    "sales_count":null,
    "image_url":"https:\/\/img08.weeecdn.net\/product\/image\/272\/630\/227011C855A0D55E.png!c560x560_q80.auto",
    "source_url":"https:\/\/www.sayweee.com\/en\/category\/tofuplantbased08\/Meal-Entrees?page=1&offset=0&filters=%7B%22catalogue_num%22%3A%22tofuplantbased08%22%7D&trigger_type=taxonomy_tofuplantbased08&filter_sub_category=tofuplantbased"
  },
  {
    "category":"tofu",
    "product_name":"Bambino Soya Mini Chunks 7.76 oz",
    "price":4.89,
    "unit_price":"200+ SOLD",
    "sales_count":200.0,
    "image_url":"https:\/\/img08.weeecdn.net\/product\/image\/488\/607\/302179DC4DCA9F52.png!c560x560_q80.auto",
    "source_url":"https:\/\/www.sayweee.com\/en\/category\/tofuplantbased08\/Meal-Entrees?page=1&offset=0&filters=%7B%22catalogue_num%22%3A%22tofuplantbased08%22%7D&trigger_type=taxonomy_tofuplantbased08&filter_sub_category=tofuplantbased"
  },
  {
    "category":"tofu",
    "product_name":"Shimonita Shirataki Yam Noodle Black 7.05 oz",
    "price":1.99,
    "unit_price":"$0.28\/oz",
    "sales_count":null,
    "image_url":"https:\/\/img08.weeecdn.net\/product\/image\/780\/184\/56113187041F75A7.png!c560x560_q80.auto",
    "source_url":"https:\/\/www.sayweee.com\/en\/category\/tofuplantbased08\/Meal-Entrees?page=1&offset=0&filters=%7B%22catalogue_num%22%3A%22tofuplantbased08%22%7D&trigger_type=taxonomy_tofuplantbased08&filter_sub_category=tofuplantbased"
  },
  {
    "category":"tofu",
    "product_name":"J-Basket Konnyaku (Yam Cake) Black 250 g",
    "price":1.49,
    "unit_price":"$0.16\/oz",
    "sales_count":null,
    "image_url":"https:\/\/img08.weeecdn.net\/product\/image\/080\/692\/43FE9D0174648A61.jpeg!c560x560_q80.auto",
    "source_url":"https:\/\/www.sayweee.com\/en\/category\/tofuplantbased08\/Meal-Entrees?page=1&offset=0&filters=%7B%22catalogue_num%22%3A%22tofuplantbased08%22%7D&trigger_type=taxonomy_tofuplantbased08&filter_sub_category=tofuplantbased"
  },
  {
    "category":"tofu",
    "product_name":"Nature's Soy Vegan Beef 227 g",
    "price":4.49,
    "unit_price":"$0.56\/oz",
    "sales_count":50.0,
    "image_url":"https:\/\/img08.weeecdn.net\/product\/image\/931\/045\/D6461DEA5DB0CFF.png!c560x560_q80.auto",
    "source_url":"https:\/\/www.sayweee.com\/en\/category\/tofuplantbased08\/Meal-Entrees?page=1&offset=0&filters=%7B%22catalogue_num%22%3A%22tofuplantbased08%22%7D&trigger_type=taxonomy_tofuplantbased08&filter_sub_category=tofuplantbased"
  },
  {
    "category":"tofu",
    "product_name":"Shimonita Shirataki Yam Noodle Black Large 14.1 oz",
    "price":2.49,
    "unit_price":"$0.17\/oz",
    "sales_count":null,
    "image_url":"https:\/\/img08.weeecdn.net\/product\/image\/624\/905\/2CF42613EA8983D4.png!c560x560_q80.auto",
    "source_url":"https:\/\/www.sayweee.com\/en\/category\/tofuplantbased08\/Meal-Entrees?page=1&offset=0&filters=%7B%22catalogue_num%22%3A%22tofuplantbased08%22%7D&trigger_type=taxonomy_tofuplantbased08&filter_sub_category=tofuplantbased"
  },
  {
    "category":"tofu",
    "product_name":"Bambino Soya Chunks 7.76 oz",
    "price":2.29,
    "unit_price":"500+ SOLD",
    "sales_count":500.0,
    "image_url":"https:\/\/img08.weeecdn.net\/product\/image\/460\/784\/3005923316A01B02.png!c560x560_q80.auto",
    "source_url":"https:\/\/www.sayweee.com\/en\/category\/tofuplantbased08\/Meal-Entrees?page=1&offset=0&filters=%7B%22catalogue_num%22%3A%22tofuplantbased08%22%7D&trigger_type=taxonomy_tofuplantbased08&filter_sub_category=tofuplantbased"
  },
  {
    "category":"tofu",
    "product_name":"Nutrella High Protein Soy Granules (Not Chunks) 200 g",
    "price":2.29,
    "unit_price":"50+ SOLD",
    "sales_count":50.0,
    "image_url":"https:\/\/img08.weeecdn.net\/product\/image\/857\/781\/77F27CB7C79A959A.png!c560x560_q80.auto",
    "source_url":"https:\/\/www.sayweee.com\/en\/category\/tofuplantbased08\/Meal-Entrees?page=1&offset=0&filters=%7B%22catalogue_num%22%3A%22tofuplantbased08%22%7D&trigger_type=taxonomy_tofuplantbased08&filter_sub_category=tofuplantbased"
  },
  {
    "category":"tofu",
    "product_name":"Vegan Calamari* Rings (8.8oz bag) - Planted by Boldly 1 each",
    "price":14.0,
    "unit_price":"Get it Nov 14 - 15",
    "sales_count":null,
    "image_url":"https:\/\/img08.weeecdn.net\/item\/image\/800\/086\/180A5D29B878B642.jpeg!c560x560_q80.auto",
    "source_url":"https:\/\/www.sayweee.com\/en\/category\/tofuplantbased08\/Meal-Entrees?page=1&offset=0&filters=%7B%22catalogue_num%22%3A%22tofuplantbased08%22%7D&trigger_type=taxonomy_tofuplantbased08&filter_sub_category=tofuplantbased"
  },
  {
    "category":"tofu",
    "product_name":"Shimonita Konnyaku Yam White 9.17 oz",
    "price":1.99,
    "unit_price":"$0.21\/oz",
    "sales_count":50.0,
    "image_url":"https:\/\/img08.weeecdn.net\/product\/image\/333\/686\/71D2CA502D9BA8DB.png!c560x560_q80.auto",
    "source_url":"https:\/\/www.sayweee.com\/en\/category\/tofuplantbased08\/Meal-Entrees?page=1&offset=0&filters=%7B%22catalogue_num%22%3A%22tofuplantbased08%22%7D&trigger_type=taxonomy_tofuplantbased08&filter_sub_category=tofuplantbased"
  },
  {
    "category":"tofu",
    "product_name":"J-Basket Shirataki (Yam Noodle) Black 400 g",
    "price":2.49,
    "unit_price":"$0.17\/oz",
    "sales_count":100.0,
    "image_url":"https:\/\/img08.weeecdn.net\/product\/image\/090\/769\/49633957061DD918.jpeg!c560x560_q80.auto",
    "source_url":"https:\/\/www.sayweee.com\/en\/category\/tofuplantbased08\/Meal-Entrees?page=1&offset=0&filters=%7B%22catalogue_num%22%3A%22tofuplantbased08%22%7D&trigger_type=taxonomy_tofuplantbased08&filter_sub_category=tofuplantbased"
  },
  {
    "category":"tofu",
    "product_name":"Imperial Taste Spicy Vegan Chicken Suchee 8 oz",
    "price":4.79,
    "unit_price":"$0.59\/oz",
    "sales_count":null,
    "image_url":"https:\/\/img08.weeecdn.net\/product\/image\/710\/219\/5E40537A7A2BD842.png!c560x560_q80.auto",
    "source_url":"https:\/\/www.sayweee.com\/en\/category\/tofuplantbased08\/Meal-Entrees?page=1&offset=0&filters=%7B%22catalogue_num%22%3A%22tofuplantbased08%22%7D&trigger_type=taxonomy_tofuplantbased08&filter_sub_category=tofuplantbased"
  },
  {
    "category":"tofu",
    "product_name":"WANG Mini Sausage Butter Bong 374 g",
    "price":8.99,
    "unit_price":"$0.68\/oz",
    "sales_count":null,
    "image_url":"https:\/\/img08.weeecdn.net\/product\/image\/223\/484\/6CE50DAC4AA210C5.png!c560x560_q80.auto",
    "source_url":"https:\/\/www.sayweee.com\/en\/category\/tofuplantbased08\/Meal-Entrees?page=1&offset=0&filters=%7B%22catalogue_num%22%3A%22tofuplantbased08%22%7D&trigger_type=taxonomy_tofuplantbased08&filter_sub_category=tofuplantbased"
  },
  {
    "category":"tofu",
    "product_name":"Bambino Soya Granules 7.76 oz",
    "price":2.29,
    "unit_price":"nan",
    "sales_count":null,
    "image_url":"https:\/\/img08.weeecdn.net\/product\/image\/560\/600\/22D3D3DA00D03A49.png!c560x560_q80.auto",
    "source_url":"https:\/\/www.sayweee.com\/en\/category\/tofuplantbased08\/Meal-Entrees?page=1&offset=0&filters=%7B%22catalogue_num%22%3A%22tofuplantbased08%22%7D&trigger_type=taxonomy_tofuplantbased08&filter_sub_category=tofuplantbased"
  },
  {
    "category":"tofu",
    "product_name":"Nutrela Soya Chunks 7 oz box 7 oz",
    "price":2.74,
    "unit_price":"$0.39\/oz",
    "sales_count":null,
    "image_url":"https:\/\/img08.weeecdn.net\/item\/image\/234\/781\/438914DA2BC4E40D.jpeg!c560x560_q80.auto",
    "source_url":"https:\/\/www.sayweee.com\/en\/category\/tofuplantbased08\/Meal-Entrees?page=1&offset=0&filters=%7B%22catalogue_num%22%3A%22tofuplantbased08%22%7D&trigger_type=taxonomy_tofuplantbased08&filter_sub_category=tofuplantbased"
  },
  {
    "category":"tofu",
    "product_name":"[An Nhien] Vegan Soy Rib 150g 1 count",
    "price":7.43,
    "unit_price":"Ships from VeeFood",
    "sales_count":null,
    "image_url":"https:\/\/img08.weeecdn.net\/item\/image\/964\/544\/3D6BBB47FD5464D7.png.jpeg!c560x560_q80.auto",
    "source_url":"https:\/\/www.sayweee.com\/en\/category\/tofuplantbased08\/Meal-Entrees?page=1&offset=0&filters=%7B%22catalogue_num%22%3A%22tofuplantbased08%22%7D&trigger_type=taxonomy_tofuplantbased08&filter_sub_category=tofuplantbased"
  },
  {
    "category":"tofu",
    "product_name":"[An Nhien] Vegan Chicken Ball 150g 1 pack",
    "price":6.58,
    "unit_price":"Ships from VeeFood",
    "sales_count":null,
    "image_url":"https:\/\/img08.weeecdn.net\/item\/image\/117\/149\/145EED76FDBD6053.png.jpeg!c560x560_q80.auto",
    "source_url":"https:\/\/www.sayweee.com\/en\/category\/tofuplantbased08\/Meal-Entrees?page=1&offset=0&filters=%7B%22catalogue_num%22%3A%22tofuplantbased08%22%7D&trigger_type=taxonomy_tofuplantbased08&filter_sub_category=tofuplantbased"
  },
  {
    "category":"tofu",
    "product_name":"[An Nhien] Vegan Fish Maw 150g 1 pack",
    "price":7.43,
    "unit_price":"Ships from VeeFood",
    "sales_count":null,
    "image_url":"https:\/\/img08.weeecdn.net\/item\/image\/327\/149\/2018ECE38600C722.png.jpeg!c560x560_q80.auto",
    "source_url":"https:\/\/www.sayweee.com\/en\/category\/tofuplantbased08\/Meal-Entrees?page=1&offset=0&filters=%7B%22catalogue_num%22%3A%22tofuplantbased08%22%7D&trigger_type=taxonomy_tofuplantbased08&filter_sub_category=tofuplantbased"
  },
  {
    "category":"tofu",
    "product_name":"[An Nhien] Vegan Barley Rib 150g 1 pack",
    "price":7.67,
    "unit_price":"Ships from VeeFood",
    "sales_count":null,
    "image_url":"https:\/\/img08.weeecdn.net\/item\/image\/375\/700\/5F6EAA0238E58312.png.jpeg!c560x560_q80.auto",
    "source_url":"https:\/\/www.sayweee.com\/en\/category\/tofuplantbased08\/Meal-Entrees?page=1&offset=0&filters=%7B%22catalogue_num%22%3A%22tofuplantbased08%22%7D&trigger_type=taxonomy_tofuplantbased08&filter_sub_category=tofuplantbased"
  },
  {
    "category":"tofu",
    "product_name":"Whole Perfect Food | Vegetarian Smoked Sausage Soy Products 200 g",
    "price":12.9,
    "unit_price":"$0.06\/g",
    "sales_count":null,
    "image_url":"https:\/\/img08.weeecdn.net\/item\/image\/638\/418\/3B3BBB2837EF64C2.jpeg!c560x560_q80.auto",
    "source_url":"https:\/\/www.sayweee.com\/en\/category\/tofuplantbased08\/Meal-Entrees?page=1&offset=0&filters=%7B%22catalogue_num%22%3A%22tofuplantbased08%22%7D&trigger_type=taxonomy_tofuplantbased08&filter_sub_category=tofuplantbased"
  },
  {
    "category":"tofu",
    "product_name":"Vegetarian Peking Duck 200 g",
    "price":18.9,
    "unit_price":"$0.09\/g",
    "sales_count":null,
    "image_url":"https:\/\/img08.weeecdn.net\/item\/image\/594\/710\/1061CE2C6C23CB1E.jpeg!c560x560_q80.auto",
    "source_url":"https:\/\/www.sayweee.com\/en\/category\/tofuplantbased08\/Meal-Entrees?page=1&offset=0&filters=%7B%22catalogue_num%22%3A%22tofuplantbased08%22%7D&trigger_type=taxonomy_tofuplantbased08&filter_sub_category=tofuplantbased"
  },
  {
    "category":"tofu",
    "product_name":"Vegetarian red sausage200g 200 g",
    "price":15.05,
    "unit_price":"$15.85",
    "sales_count":null,
    "image_url":"https:\/\/img08.weeecdn.net\/item\/image\/413\/236\/5167998FE8DCD992.jpeg!c560x560_q80.auto",
    "source_url":"https:\/\/www.sayweee.com\/en\/category\/tofuplantbased08\/Meal-Entrees?page=1&offset=0&filters=%7B%22catalogue_num%22%3A%22tofuplantbased08%22%7D&trigger_type=taxonomy_tofuplantbased08&filter_sub_category=tofuplantbased"
  },
  {
    "category":"tofu",
    "product_name":"Fried Soy Bean Curd Roll 6.3 oz",
    "price":3.99,
    "unit_price":"$0.63\/oz",
    "sales_count":null,
    "image_url":"https:\/\/img08.weeecdn.net\/item\/image\/703\/823\/74DD7DB0650AC84C.jpeg!c560x560_q80.auto",
    "source_url":"https:\/\/www.sayweee.com\/en\/category\/tofuplantbased08\/Meal-Entrees?page=1&offset=0&filters=%7B%22catalogue_num%22%3A%22tofuplantbased08%22%7D&trigger_type=taxonomy_tofuplantbased08&filter_sub_category=tofuplantbased"
  },
  {
    "category":"tofu",
    "product_name":"Whole Perfect Food | Vegetarian Sausage with Mushroom and Fungus Soy Products 200 g",
    "price":12.9,
    "unit_price":"$0.06\/g",
    "sales_count":null,
    "image_url":"https:\/\/img08.weeecdn.net\/item\/image\/355\/055\/2C0473B57D2F064F.jpeg!c560x560_q80.auto",
    "source_url":"https:\/\/www.sayweee.com\/en\/category\/tofuplantbased08\/Meal-Entrees?page=1&offset=0&filters=%7B%22catalogue_num%22%3A%22tofuplantbased08%22%7D&trigger_type=taxonomy_tofuplantbased08&filter_sub_category=tofuplantbased"
  },
  {
    "category":"tofu",
    "product_name":"Whole Perfect Food | Vegetarian Roast Goose, Ready-to-Eat Vegetarian\/Vegan Meat 150 g",
    "price":16.9,
    "unit_price":"$0.11\/g",
    "sales_count":null,
    "image_url":"https:\/\/img08.weeecdn.net\/item\/image\/615\/538\/2CDF5725409572A7.webp!c560x560_q80.auto",
    "source_url":"https:\/\/www.sayweee.com\/en\/category\/tofuplantbased08\/Meal-Entrees?page=1&offset=0&filters=%7B%22catalogue_num%22%3A%22tofuplantbased08%22%7D&trigger_type=taxonomy_tofuplantbased08&filter_sub_category=tofuplantbased"
  },
  {
    "category":"tofu",
    "product_name":"Whole Perfect Food | Vegetarian Red Sausage Soy Products 200 g",
    "price":12.9,
    "unit_price":"$0.06\/g",
    "sales_count":null,
    "image_url":"https:\/\/img08.weeecdn.net\/item\/image\/158\/813\/36993217FCBD5788.jpeg!c560x560_q80.auto",
    "source_url":"https:\/\/www.sayweee.com\/en\/category\/tofuplantbased08\/Meal-Entrees?page=1&offset=0&filters=%7B%22catalogue_num%22%3A%22tofuplantbased08%22%7D&trigger_type=taxonomy_tofuplantbased08&filter_sub_category=tofuplantbased"
  },
  {
    "category":"tofu",
    "product_name":"Whole Perfect Food | Vegetarian Cumin Lamb Grains Soy Products 170 g",
    "price":15.9,
    "unit_price":"$0.09\/g",
    "sales_count":null,
    "image_url":"https:\/\/img08.weeecdn.net\/item\/image\/595\/573\/50CF7D4EFBDD7CF0.jpeg!c560x560_q80.auto",
    "source_url":"https:\/\/www.sayweee.com\/en\/category\/tofuplantbased08\/Meal-Entrees?page=1&offset=0&filters=%7B%22catalogue_num%22%3A%22tofuplantbased08%22%7D&trigger_type=taxonomy_tofuplantbased08&filter_sub_category=tofuplantbased"
  },
  {
    "category":"tofu",
    "product_name":"Whole Perfect Food | Vegetarian Ham Sausage Soy Products 150 g",
    "price":12.9,
    "unit_price":"$0.08\/g",
    "sales_count":null,
    "image_url":"https:\/\/img08.weeecdn.net\/item\/image\/847\/286\/5F12C649A136407C.jpeg!c560x560_q80.auto",
    "source_url":"https:\/\/www.sayweee.com\/en\/category\/tofuplantbased08\/Meal-Entrees?page=1&offset=0&filters=%7B%22catalogue_num%22%3A%22tofuplantbased08%22%7D&trigger_type=taxonomy_tofuplantbased08&filter_sub_category=tofuplantbased"
  },
  {
    "category":"tofu",
    "product_name":"Whole Perfect Food | Vegetarian Bacon Soy Products 180 g",
    "price":19.9,
    "unit_price":"$0.11\/g",
    "sales_count":null,
    "image_url":"https:\/\/img08.weeecdn.net\/item\/image\/611\/786\/4D59C16394CD8253.png!c560x560_q80.auto",
    "source_url":"https:\/\/www.sayweee.com\/en\/category\/tofuplantbased08\/Meal-Entrees?page=1&offset=0&filters=%7B%22catalogue_num%22%3A%22tofuplantbased08%22%7D&trigger_type=taxonomy_tofuplantbased08&filter_sub_category=tofuplantbased"
  },
  {
    "category":"tofu",
    "product_name":"Vegetarian Pork Ribs 200 g",
    "price":19.9,
    "unit_price":"$0.09\/g",
    "sales_count":null,
    "image_url":"https:\/\/img08.weeecdn.net\/item\/image\/234\/225\/159795A9D9F47CDA.jpeg!c560x560_q80.auto",
    "source_url":"https:\/\/www.sayweee.com\/en\/category\/tofuplantbased08\/Meal-Entrees?page=1&offset=0&filters=%7B%22catalogue_num%22%3A%22tofuplantbased08%22%7D&trigger_type=taxonomy_tofuplantbased08&filter_sub_category=tofuplantbased"
  },
  {
    "category":"tofu",
    "product_name":"Vegan Baby Shrimp* (8.8oz bag) - Planted by Boldly 1 each",
    "price":13.0,
    "unit_price":"Get it Nov 14 - 15",
    "sales_count":null,
    "image_url":"https:\/\/img08.weeecdn.net\/item\/image\/982\/716\/576E5C4ECBC177EB.jpeg!c560x560_q80.auto",
    "source_url":"https:\/\/www.sayweee.com\/en\/category\/tofuplantbased08\/Meal-Entrees?page=1&offset=0&filters=%7B%22catalogue_num%22%3A%22tofuplantbased08%22%7D&trigger_type=taxonomy_tofuplantbased08&filter_sub_category=tofuplantbased"
  },
  {
    "category":"tofu",
    "product_name":"Tuna* Vegan Sashimi (8oz saku block) - Planted by Boldly 1 each",
    "price":15.0,
    "unit_price":"Get it Nov 14 - 15",
    "sales_count":null,
    "image_url":"https:\/\/img08.weeecdn.net\/item\/image\/444\/505\/4D2ECB640CCFA2F4.jpeg!c560x560_q80.auto",
    "source_url":"https:\/\/www.sayweee.com\/en\/category\/tofuplantbased08\/Meal-Entrees?page=1&offset=0&filters=%7B%22catalogue_num%22%3A%22tofuplantbased08%22%7D&trigger_type=taxonomy_tofuplantbased08&filter_sub_category=tofuplantbased"
  },
  {
    "category":"tofu",
    "product_name":"Salmon* Vegan Sashimi (8oz saku block) - Planted by Boldly 1 each",
    "price":15.0,
    "unit_price":"Get it Nov 14 - 15",
    "sales_count":null,
    "image_url":"https:\/\/img08.weeecdn.net\/item\/image\/356\/233\/64B41B24AF32DB22.jpeg!c560x560_q80.auto",
    "source_url":"https:\/\/www.sayweee.com\/en\/category\/tofuplantbased08\/Meal-Entrees?page=1&offset=0&filters=%7B%22catalogue_num%22%3A%22tofuplantbased08%22%7D&trigger_type=taxonomy_tofuplantbased08&filter_sub_category=tofuplantbased"
  },
  {
    "category":"tofu",
    "product_name":"Missing teeth spicy spicy tripe konjac silk 18g*5 bags Hunan specialty 90 g",
    "price":11.28,
    "unit_price":"$0.12\/g",
    "sales_count":null,
    "image_url":"https:\/\/img08.weeecdn.net\/item\/image\/502\/307\/20913071D4EA4512.png!c560x560_q80.auto",
    "source_url":"https:\/\/www.sayweee.com\/en\/category\/tofuplantbased08\/Meal-Entrees?page=1&offset=0&filters=%7B%22catalogue_num%22%3A%22tofuplantbased08%22%7D&trigger_type=taxonomy_tofuplantbased08&filter_sub_category=tofuplantbased"
  },
  {
    "category":"tofu",
    "product_name":"Haihui Temple a piece of fermented bean curd spicy food mold tofu 180g\/ box 180 g",
    "price":18.78,
    "unit_price":"$0.10\/g",
    "sales_count":null,
    "image_url":"https:\/\/img08.weeecdn.net\/item\/image\/471\/653\/2FACF481E5EA27F7.jpeg!c560x560_q80.auto",
    "source_url":"https:\/\/www.sayweee.com\/en\/category\/tofuplantbased08\/Meal-Entrees?page=1&offset=0&filters=%7B%22catalogue_num%22%3A%22tofuplantbased08%22%7D&trigger_type=taxonomy_tofuplantbased08&filter_sub_category=tofuplantbased"
  },
  {
    "category":"tofu",
    "product_name":"Haihui Temple a piece of tofu frankincense crispy food mold tofu 153g\/ box 153 g",
    "price":18.78,
    "unit_price":"$0.12\/g",
    "sales_count":null,
    "image_url":"https:\/\/img08.weeecdn.net\/item\/image\/120\/262\/4D8255CE20648C72.png!c560x560_q80.auto",
    "source_url":"https:\/\/www.sayweee.com\/en\/category\/tofuplantbased08\/Meal-Entrees?page=1&offset=0&filters=%7B%22catalogue_num%22%3A%22tofuplantbased08%22%7D&trigger_type=taxonomy_tofuplantbased08&filter_sub_category=tofuplantbased"
  },
  {
    "category":"tofu",
    "product_name":"Haihui Temple a piece of tofu milky flavor under the food mold tofu 162g\/ box 162 g",
    "price":18.78,
    "unit_price":"$0.11\/g",
    "sales_count":null,
    "image_url":"https:\/\/img08.weeecdn.net\/item\/image\/738\/469\/7F70DD83BBF72F3B.jpeg!c560x560_q80.auto",
    "source_url":"https:\/\/www.sayweee.com\/en\/category\/tofuplantbased08\/Meal-Entrees?page=1&offset=0&filters=%7B%22catalogue_num%22%3A%22tofuplantbased08%22%7D&trigger_type=taxonomy_tofuplantbased08&filter_sub_category=tofuplantbased"
  },
  {
    "category":"tofu",
    "product_name":"Jujiufang Muding spicy oil fermented bean curd, Yunnan specialty moldy tofu 260g*1 bottleGather nine directions 260 g",
    "price":19.58,
    "unit_price":"$0.07\/g",
    "sales_count":null,
    "image_url":"https:\/\/img08.weeecdn.net\/item\/image\/887\/874\/234E0A426E1718C1.webp!c560x560_q80.auto",
    "source_url":"https:\/\/www.sayweee.com\/en\/category\/tofuplantbased08\/Meal-Entrees?page=1&offset=0&filters=%7B%22catalogue_num%22%3A%22tofuplantbased08%22%7D&trigger_type=taxonomy_tofuplantbased08&filter_sub_category=tofuplantbased"
  },
  {
    "category":"tofu",
    "product_name":"Weilong spicy stick 102 g",
    "price":4.74,
    "unit_price":"$4.99",
    "sales_count":null,
    "image_url":"https:\/\/img08.weeecdn.net\/item\/image\/941\/940\/46FC0BB2FDDC5FA0.jpeg!c560x560_q80.auto",
    "source_url":"https:\/\/www.sayweee.com\/en\/category\/tofuplantbased08\/Meal-Entrees?page=1&offset=0&filters=%7B%22catalogue_num%22%3A%22tofuplantbased08%22%7D&trigger_type=taxonomy_tofuplantbased08&filter_sub_category=tofuplantbased"
  },
  {
    "category":"tofu",
    "product_name":"An Nhien Vegan Combo Ribs Chicken Fish Wheat 4 count",
    "price":18.99,
    "unit_price":"$19.99",
    "sales_count":null,
    "image_url":"https:\/\/img08.weeecdn.net\/item\/image\/474\/437\/6E92736BAFBB6010.jpeg!c560x560_q80.auto",
    "source_url":"https:\/\/www.sayweee.com\/en\/category\/tofuplantbased08\/Meal-Entrees?page=1&offset=0&filters=%7B%22catalogue_num%22%3A%22tofuplantbased08%22%7D&trigger_type=taxonomy_tofuplantbased08&filter_sub_category=tofuplantbased"
  },
  {
    "category":"tofu",
    "product_name":"Shimonita Shirataki Yam Noodle White 7.05 oz",
    "price":1.99,
    "unit_price":"$0.28\/oz",
    "sales_count":800.0,
    "image_url":"https:\/\/img08.weeecdn.net\/product\/image\/734\/218\/58B1D8240B5987FB.png!c560x560_q80.auto",
    "source_url":"https:\/\/www.sayweee.com\/en\/category\/tofuplantbased08\/Meal-Entrees?page=1&offset=0&filters=%7B%22catalogue_num%22%3A%22tofuplantbased08%22%7D&trigger_type=taxonomy_tofuplantbased08&filter_sub_category=tofuplantbased"
  },
  {
    "category":"tofu",
    "product_name":"Shimonita Shirataki Yam Noodle White Large 14.1 oz",
    "price":2.49,
    "unit_price":"$0.17\/oz",
    "sales_count":500.0,
    "image_url":"https:\/\/img08.weeecdn.net\/product\/image\/260\/186\/69163430F860801F.png!c560x560_q80.auto",
    "source_url":"https:\/\/www.sayweee.com\/en\/category\/tofuplantbased08\/Meal-Entrees?page=1&offset=0&filters=%7B%22catalogue_num%22%3A%22tofuplantbased08%22%7D&trigger_type=taxonomy_tofuplantbased08&filter_sub_category=tofuplantbased"
  },
  {
    "category":"tofu",
    "product_name":"J-Basket Shirataki (Yam Noodle) White 400 g",
    "price":2.49,
    "unit_price":"$0.17\/oz",
    "sales_count":null,
    "image_url":"https:\/\/img08.weeecdn.net\/product\/image\/830\/021\/3CCFACC32B499930.jpeg!c560x560_q80.auto",
    "source_url":"https:\/\/www.sayweee.com\/en\/category\/tofuplantbased08\/Meal-Entrees?page=1&offset=0&filters=%7B%22catalogue_num%22%3A%22tofuplantbased08%22%7D&trigger_type=taxonomy_tofuplantbased08&filter_sub_category=tofuplantbased"
  },
  {
    "category":"tofu",
    "product_name":"Manna Soya Nuggets, 7 oz + 20% free box 7 oz",
    "price":3.29,
    "unit_price":"$0.47\/oz",
    "sales_count":null,
    "image_url":"https:\/\/img08.weeecdn.net\/item\/image\/402\/651\/3F2E70B0E6CD0FB0.jpeg!c560x560_q80.auto",
    "source_url":"https:\/\/www.sayweee.com\/en\/category\/tofuplantbased08\/Meal-Entrees?page=1&offset=0&filters=%7B%22catalogue_num%22%3A%22tofuplantbased08%22%7D&trigger_type=taxonomy_tofuplantbased08&filter_sub_category=tofuplantbased"
  },
  {
    "category":"tofu",
    "product_name":"Nutrela Soya Chunks - Mini, 7 oz box 7 oz",
    "price":2.74,
    "unit_price":"$0.39\/oz",
    "sales_count":null,
    "image_url":"https:\/\/img08.weeecdn.net\/item\/image\/828\/093\/2EDC70C2FD634545.jpeg!c560x560_q80.auto",
    "source_url":"https:\/\/www.sayweee.com\/en\/category\/tofuplantbased08\/Meal-Entrees?page=1&offset=0&filters=%7B%22catalogue_num%22%3A%22tofuplantbased08%22%7D&trigger_type=taxonomy_tofuplantbased08&filter_sub_category=tofuplantbased"
  },
  {
    "category":"tofu",
    "product_name":"Vegan Calamari* Steaks (8.8oz bag) - Planted by Boldly 1 each",
    "price":14.0,
    "unit_price":"Get it Nov 14 - 15",
    "sales_count":null,
    "image_url":"https:\/\/img08.weeecdn.net\/item\/image\/118\/216\/2F9AF61589BD5A84.jpeg!c560x560_q80.auto",
    "source_url":"https:\/\/www.sayweee.com\/en\/category\/tofuplantbased08\/Meal-Entrees?page=1&offset=0&filters=%7B%22catalogue_num%22%3A%22tofuplantbased08%22%7D&trigger_type=taxonomy_tofuplantbased08&filter_sub_category=tofuplantbased"
  },
  {
    "category":"tofu",
    "product_name":"Fresh Beancurd Skins Frozen 120 g",
    "price":1.99,
    "unit_price":"$2.49",
    "sales_count":1.0,
    "image_url":"https:\/\/img08.weeecdn.net\/item\/image\/648\/832\/6D5158D0465D9FD.jpg!c560x560_q80.auto",
    "source_url":"https:\/\/www.sayweee.com\/en\/category\/tofuplantbased07\/Frozen-Plant-Based?page=1&offset=0&filters=%7B%22catalogue_num%22%3A%22tofuplantbased07%22%7D&trigger_type=taxonomy_tofuplantbased07&filter_sub_category=tofuplantbased"
  },
  {
    "category":"tofu",
    "product_name":"Zuming Fried Mini Tofu 150 g",
    "price":4.99,
    "unit_price":"$0.94\/oz",
    "sales_count":null,
    "image_url":"https:\/\/img08.weeecdn.net\/product\/image\/649\/621\/4FA0C7E859F635DE.jpeg!c560x560_q80.auto",
    "source_url":"https:\/\/www.sayweee.com\/en\/category\/tofuplantbased07\/Frozen-Plant-Based?page=1&offset=0&filters=%7B%22catalogue_num%22%3A%22tofuplantbased07%22%7D&trigger_type=taxonomy_tofuplantbased07&filter_sub_category=tofuplantbased"
  },
  {
    "category":"tofu",
    "product_name":"Shirakiku Okame Kotsubu Natto 3P Frozen 170.1 g",
    "price":2.99,
    "unit_price":"$0.49\/oz",
    "sales_count":null,
    "image_url":"https:\/\/img08.weeecdn.net\/product\/image\/638\/870\/58B46C1BB86AF15A.png!c560x560_q80.auto",
    "source_url":"https:\/\/www.sayweee.com\/en\/category\/tofuplantbased07\/Frozen-Plant-Based?page=1&offset=0&filters=%7B%22catalogue_num%22%3A%22tofuplantbased07%22%7D&trigger_type=taxonomy_tofuplantbased07&filter_sub_category=tofuplantbased"
  },
  {
    "category":"tofu",
    "product_name":"Fresh Beancurd Sticks Frozen 120 g",
    "price":2.49,
    "unit_price":"$0.58\/oz",
    "sales_count":1.0,
    "image_url":"https:\/\/img08.weeecdn.net\/item\/image\/963\/616\/72C79AA802295E82.jpg!c560x560_q80.auto",
    "source_url":"https:\/\/www.sayweee.com\/en\/category\/tofuplantbased07\/Frozen-Plant-Based?page=1&offset=0&filters=%7B%22catalogue_num%22%3A%22tofuplantbased07%22%7D&trigger_type=taxonomy_tofuplantbased07&filter_sub_category=tofuplantbased"
  },
  {
    "category":"tofu",
    "product_name":"Watson Dried Tofu Sheets 250 g",
    "price":3.79,
    "unit_price":"$0.42\/oz",
    "sales_count":null,
    "image_url":"https:\/\/img08.weeecdn.net\/product\/image\/623\/213\/193C99B6211A1189.png!c560x560_q80.auto",
    "source_url":"https:\/\/www.sayweee.com\/en\/category\/tofuplantbased07\/Frozen-Plant-Based?page=1&offset=0&filters=%7B%22catalogue_num%22%3A%22tofuplantbased07%22%7D&trigger_type=taxonomy_tofuplantbased07&filter_sub_category=tofuplantbased"
  },
  {
    "category":"tofu",
    "product_name":"Zuming Fresh Tofu Sticks, Frozen 300 g",
    "price":5.99,
    "unit_price":"$0.56\/oz",
    "sales_count":null,
    "image_url":"https:\/\/img08.weeecdn.net\/item\/image\/062\/578\/877E2024C7DAD40.png!c560x560_q80.auto",
    "source_url":"https:\/\/www.sayweee.com\/en\/category\/tofuplantbased07\/Frozen-Plant-Based?page=1&offset=0&filters=%7B%22catalogue_num%22%3A%22tofuplantbased07%22%7D&trigger_type=taxonomy_tofuplantbased07&filter_sub_category=tofuplantbased"
  },
  {
    "category":"tofu",
    "product_name":"Haldiram's Fresh Paneer 27 servings, Frozen 28 oz",
    "price":15.99,
    "unit_price":"$0.57\/oz",
    "sales_count":300.0,
    "image_url":"https:\/\/img08.weeecdn.net\/product\/image\/722\/635\/6BAF3ABA1B2A308F.png!c560x560_q80.auto",
    "source_url":"https:\/\/www.sayweee.com\/en\/category\/tofuplantbased07\/Frozen-Plant-Based?page=1&offset=0&filters=%7B%22catalogue_num%22%3A%22tofuplantbased07%22%7D&trigger_type=taxonomy_tofuplantbased07&filter_sub_category=tofuplantbased"
  },
  {
    "category":"tofu",
    "product_name":"Mizkan Kintsubu Niowa Natto Low Smell Frozen 3pk 168.3 g",
    "price":1.99,
    "unit_price":"$0.33\/oz",
    "sales_count":null,
    "image_url":"https:\/\/img08.weeecdn.net\/product\/image\/474\/710\/21054A9990A5004A.png!c560x560_q80.auto",
    "source_url":"https:\/\/www.sayweee.com\/en\/category\/tofuplantbased07\/Frozen-Plant-Based?page=1&offset=0&filters=%7B%22catalogue_num%22%3A%22tofuplantbased07%22%7D&trigger_type=taxonomy_tofuplantbased07&filter_sub_category=tofuplantbased"
  },
  {
    "category":"tofu",
    "product_name":"Mizkan Kintsubu Natto Black vinegar with Plum Flavor Frozen 3pk 4.7 oz",
    "price":1.99,
    "unit_price":"$0.42\/oz",
    "sales_count":1.0,
    "image_url":"https:\/\/img08.weeecdn.net\/product\/image\/143\/804\/43BEA70568C74912.png!c560x560_q80.auto",
    "source_url":"https:\/\/www.sayweee.com\/en\/category\/tofuplantbased07\/Frozen-Plant-Based?page=1&offset=0&filters=%7B%22catalogue_num%22%3A%22tofuplantbased07%22%7D&trigger_type=taxonomy_tofuplantbased07&filter_sub_category=tofuplantbased"
  },
  {
    "category":"tofu",
    "product_name":"Havista Fresh Frozen Soy Skin Frozen 260 g",
    "price":5.49,
    "unit_price":"$0.59\/oz",
    "sales_count":700.0,
    "image_url":"https:\/\/img08.weeecdn.net\/item\/image\/426\/815\/6DD50A9BF551109D.jpg!c560x560_q80.auto",
    "source_url":"https:\/\/www.sayweee.com\/en\/category\/tofuplantbased07\/Frozen-Plant-Based?page=1&offset=0&filters=%7B%22catalogue_num%22%3A%22tofuplantbased07%22%7D&trigger_type=taxonomy_tofuplantbased07&filter_sub_category=tofuplantbased"
  },
  {
    "category":"tofu",
    "product_name":"Dianfa Chiba Tofu Frozen 400 g",
    "price":3.29,
    "unit_price":"$0.23\/oz",
    "sales_count":null,
    "image_url":"https:\/\/img08.weeecdn.net\/product\/image\/054\/516\/5BA6F6EA8FC44DBF.png!c560x560_q80.auto",
    "source_url":"https:\/\/www.sayweee.com\/en\/category\/tofuplantbased07\/Frozen-Plant-Based?page=1&offset=0&filters=%7B%22catalogue_num%22%3A%22tofuplantbased07%22%7D&trigger_type=taxonomy_tofuplantbased07&filter_sub_category=tofuplantbased"
  },
  {
    "category":"tofu",
    "product_name":"Mac Fukkura Abura Age (Thick Tofu Skin) 5P, Frozen 3.17 oz",
    "price":3.29,
    "unit_price":"$3.79",
    "sales_count":1.0,
    "image_url":"https:\/\/img08.weeecdn.net\/product\/image\/140\/592\/297D89DFBF4DD62F.png!c560x560_q80.auto",
    "source_url":"https:\/\/www.sayweee.com\/en\/category\/tofuplantbased07\/Frozen-Plant-Based?page=1&offset=0&filters=%7B%22catalogue_num%22%3A%22tofuplantbased07%22%7D&trigger_type=taxonomy_tofuplantbased07&filter_sub_category=tofuplantbased"
  },
  {
    "category":"tofu",
    "product_name":"Mizkan Kintsubu Natto Tamago Shoyu 4.9 oz",
    "price":1.99,
    "unit_price":"$0.40\/oz",
    "sales_count":1.0,
    "image_url":"https:\/\/img08.weeecdn.net\/product\/image\/252\/995\/79C06822B80B4DA0.jpeg!c560x560_q80.auto",
    "source_url":"https:\/\/www.sayweee.com\/en\/category\/tofuplantbased07\/Frozen-Plant-Based?page=1&offset=0&filters=%7B%22catalogue_num%22%3A%22tofuplantbased07%22%7D&trigger_type=taxonomy_tofuplantbased07&filter_sub_category=tofuplantbased"
  },
  {
    "category":"tofu",
    "product_name":"Mizkan Kume Hokkaido Natto 3pk 4.44 oz",
    "price":1.99,
    "unit_price":"$0.44\/oz",
    "sales_count":1.0,
    "image_url":"https:\/\/img08.weeecdn.net\/product\/image\/357\/174\/538BA757D432C4A5.jpeg!c560x560_q80.auto",
    "source_url":"https:\/\/www.sayweee.com\/en\/category\/tofuplantbased07\/Frozen-Plant-Based?page=1&offset=0&filters=%7B%22catalogue_num%22%3A%22tofuplantbased07%22%7D&trigger_type=taxonomy_tofuplantbased07&filter_sub_category=tofuplantbased"
  },
  {
    "category":"tofu",
    "product_name":"ZuMing Fried Tofu Triangle, Frozen 150 g",
    "price":4.49,
    "unit_price":"$0.84\/oz",
    "sales_count":700.0,
    "image_url":"https:\/\/img08.weeecdn.net\/item\/image\/822\/705\/5FBF9EA896A1DC97.jpg!c560x560_q80.auto",
    "source_url":"https:\/\/www.sayweee.com\/en\/category\/tofuplantbased07\/Frozen-Plant-Based?page=1&offset=0&filters=%7B%22catalogue_num%22%3A%22tofuplantbased07%22%7D&trigger_type=taxonomy_tofuplantbased07&filter_sub_category=tofuplantbased"
  },
  {
    "category":"tofu",
    "product_name":"Havista Soy Sticks, Frozen 300 g",
    "price":4.49,
    "unit_price":"$0.42\/oz",
    "sales_count":null,
    "image_url":"https:\/\/img08.weeecdn.net\/product\/image\/867\/052\/26BF73554F6004C3.png!c560x560_q80.auto",
    "source_url":"https:\/\/www.sayweee.com\/en\/category\/tofuplantbased07\/Frozen-Plant-Based?page=1&offset=0&filters=%7B%22catalogue_num%22%3A%22tofuplantbased07%22%7D&trigger_type=taxonomy_tofuplantbased07&filter_sub_category=tofuplantbased"
  },
  {
    "category":"tofu",
    "product_name":"Misuzu Flavored Inari Tofu Skin 16P 8.81 oz",
    "price":3.99,
    "unit_price":"$6.29",
    "sales_count":null,
    "image_url":"https:\/\/img08.weeecdn.net\/product\/image\/142\/795\/59E178998E13DD68.png!c560x560_q80.auto",
    "source_url":"https:\/\/www.sayweee.com\/en\/category\/tofuplantbased07\/Frozen-Plant-Based?page=1&offset=0&filters=%7B%22catalogue_num%22%3A%22tofuplantbased07%22%7D&trigger_type=taxonomy_tofuplantbased07&filter_sub_category=tofuplantbased"
  },
  {
    "category":"tofu",
    "product_name":"Hokkaido Natto Fermented Soy Beans with Seasoning Sauce 3pk 4.2 oz",
    "price":2.79,
    "unit_price":"$0.66\/oz",
    "sales_count":200.0,
    "image_url":"https:\/\/img08.weeecdn.net\/product\/image\/713\/695\/3B5287BF57B5F08.png!c560x560_q80.auto",
    "source_url":"https:\/\/www.sayweee.com\/en\/category\/tofuplantbased07\/Frozen-Plant-Based?page=1&offset=0&filters=%7B%22catalogue_num%22%3A%22tofuplantbased07%22%7D&trigger_type=taxonomy_tofuplantbased07&filter_sub_category=tofuplantbased"
  },
  {
    "category":"tofu",
    "product_name":"Havista Bean Curd Skin, Frozen 500 g",
    "price":6.99,
    "unit_price":"$0.39\/oz",
    "sales_count":200.0,
    "image_url":"https:\/\/img08.weeecdn.net\/product\/image\/596\/326\/8A537A26350D250.png!c560x560_q80.auto",
    "source_url":"https:\/\/www.sayweee.com\/en\/category\/tofuplantbased07\/Frozen-Plant-Based?page=1&offset=0&filters=%7B%22catalogue_num%22%3A%22tofuplantbased07%22%7D&trigger_type=taxonomy_tofuplantbased07&filter_sub_category=tofuplantbased"
  },
  {
    "category":"tofu",
    "product_name":"Watson Tofu, Frozen 400 g",
    "price":3.79,
    "unit_price":"$0.26\/oz",
    "sales_count":400.0,
    "image_url":"https:\/\/img08.weeecdn.net\/product\/image\/066\/627\/1D0F972B01A09D49.png!c560x560_q80.auto",
    "source_url":"https:\/\/www.sayweee.com\/en\/category\/tofuplantbased07\/Frozen-Plant-Based?page=1&offset=0&filters=%7B%22catalogue_num%22%3A%22tofuplantbased07%22%7D&trigger_type=taxonomy_tofuplantbased07&filter_sub_category=tofuplantbased"
  },
  {
    "category":"tofu",
    "product_name":"Asian Choice Frozen Hunan Tofu 720 g",
    "price":9.29,
    "unit_price":"$0.36\/oz",
    "sales_count":700.0,
    "image_url":"https:\/\/img08.weeecdn.net\/product\/image\/034\/768\/4AC6958ECA562CA.png!c560x560_q80.auto",
    "source_url":"https:\/\/www.sayweee.com\/en\/category\/tofuplantbased07\/Frozen-Plant-Based?page=1&offset=0&filters=%7B%22catalogue_num%22%3A%22tofuplantbased07%22%7D&trigger_type=taxonomy_tofuplantbased07&filter_sub_category=tofuplantbased"
  },
  {
    "category":"tofu",
    "product_name":"Zuming, Frozen Tofu 450 g",
    "price":4.49,
    "unit_price":"$0.28\/oz",
    "sales_count":500.0,
    "image_url":"https:\/\/img08.weeecdn.net\/product\/image\/415\/850\/17FBF0EBC056D4FC.png!c560x560_q80.auto",
    "source_url":"https:\/\/www.sayweee.com\/en\/category\/tofuplantbased07\/Frozen-Plant-Based?page=1&offset=0&filters=%7B%22catalogue_num%22%3A%22tofuplantbased07%22%7D&trigger_type=taxonomy_tofuplantbased07&filter_sub_category=tofuplantbased"
  },
  {
    "category":"tofu",
    "product_name":"Havista Soy Tofu Sheets, Original Frozen 17.64 oz",
    "price":6.99,
    "unit_price":"$0.39\/oz",
    "sales_count":600.0,
    "image_url":"https:\/\/img08.weeecdn.net\/product\/image\/680\/100\/202D3C1296C35E52.png!c560x560_q80.auto",
    "source_url":"https:\/\/www.sayweee.com\/en\/category\/tofuplantbased07\/Frozen-Plant-Based?page=1&offset=0&filters=%7B%22catalogue_num%22%3A%22tofuplantbased07%22%7D&trigger_type=taxonomy_tofuplantbased07&filter_sub_category=tofuplantbased"
  },
  {
    "category":"tofu",
    "product_name":"Jack & King's Stinky Tofu Bowl 150 g",
    "price":4.49,
    "unit_price":"$0.84\/oz",
    "sales_count":50.0,
    "image_url":"https:\/\/img08.weeecdn.net\/product\/image\/732\/347\/70E328FB1CFB8D2A.png!c560x560_q80.auto",
    "source_url":"https:\/\/www.sayweee.com\/en\/category\/tofuplantbased07\/Frozen-Plant-Based?page=1&offset=0&filters=%7B%22catalogue_num%22%3A%22tofuplantbased07%22%7D&trigger_type=taxonomy_tofuplantbased07&filter_sub_category=tofuplantbased"
  },
  {
    "category":"tofu",
    "product_name":"ZuMing Fried Sliced Tofu, Frozen 180 g",
    "price":4.49,
    "unit_price":"$0.70\/oz",
    "sales_count":700.0,
    "image_url":"https:\/\/img08.weeecdn.net\/item\/image\/820\/584\/6849F0D73F69BBD8.jpg!c560x560_q80.auto",
    "source_url":"https:\/\/www.sayweee.com\/en\/category\/tofuplantbased07\/Frozen-Plant-Based?page=1&offset=0&filters=%7B%22catalogue_num%22%3A%22tofuplantbased07%22%7D&trigger_type=taxonomy_tofuplantbased07&filter_sub_category=tofuplantbased"
  },
  {
    "category":"tofu",
    "product_name":"Zuming Oil Fried Tofu Sticks, Frozen 160 g",
    "price":4.49,
    "unit_price":"$0.79\/oz",
    "sales_count":200.0,
    "image_url":"https:\/\/img08.weeecdn.net\/product\/image\/787\/500\/2C5486518CB2AB91.png!c560x560_q80.auto",
    "source_url":"https:\/\/www.sayweee.com\/en\/category\/tofuplantbased07\/Frozen-Plant-Based?page=1&offset=0&filters=%7B%22catalogue_num%22%3A%22tofuplantbased07%22%7D&trigger_type=taxonomy_tofuplantbased07&filter_sub_category=tofuplantbased"
  },
  {
    "category":"tofu",
    "product_name":"Misuzu Meijin Flavored Inari Tofu Skin 16P 12.7 oz",
    "price":5.99,
    "unit_price":"$0.47\/oz",
    "sales_count":50.0,
    "image_url":"https:\/\/img08.weeecdn.net\/product\/image\/746\/933\/2DFC963A1B24CCCE.png!c560x560_q80.auto",
    "source_url":"https:\/\/www.sayweee.com\/en\/category\/tofuplantbased07\/Frozen-Plant-Based?page=1&offset=0&filters=%7B%22catalogue_num%22%3A%22tofuplantbased07%22%7D&trigger_type=taxonomy_tofuplantbased07&filter_sub_category=tofuplantbased"
  },
  {
    "category":"tofu",
    "product_name":"Pulmuone Natto 6pcs 297 g",
    "price":8.99,
    "unit_price":"$9.49",
    "sales_count":200.0,
    "image_url":"https:\/\/img08.weeecdn.net\/item\/image\/577\/703\/43A9B3B41FEC9FE3.jpg!c560x560_q80.auto",
    "source_url":"https:\/\/www.sayweee.com\/en\/category\/tofuplantbased07\/Frozen-Plant-Based?page=1&offset=0&filters=%7B%22catalogue_num%22%3A%22tofuplantbased07%22%7D&trigger_type=taxonomy_tofuplantbased07&filter_sub_category=tofuplantbased"
  },
  {
    "category":"tofu",
    "product_name":"DuoDuo Steamed Wheat Gluten Frozen 300 g",
    "price":2.99,
    "unit_price":"$0.28\/oz",
    "sales_count":200.0,
    "image_url":"https:\/\/img08.weeecdn.net\/product\/image\/100\/674\/394D070F5BF3585E.png!c560x560_q80.auto",
    "source_url":"https:\/\/www.sayweee.com\/en\/category\/tofuplantbased07\/Frozen-Plant-Based?page=1&offset=0&filters=%7B%22catalogue_num%22%3A%22tofuplantbased07%22%7D&trigger_type=taxonomy_tofuplantbased07&filter_sub_category=tofuplantbased"
  },
  {
    "category":"tofu",
    "product_name":"Fresh Way Brined Lava Tofu Frozen 8.8 oz",
    "price":5.49,
    "unit_price":"$0.62\/oz",
    "sales_count":800.0,
    "image_url":"https:\/\/img08.weeecdn.net\/product\/image\/036\/469\/3991366EADB7035B.png!c560x560_q80.auto",
    "source_url":"https:\/\/www.sayweee.com\/en\/category\/tofuplantbased07\/Frozen-Plant-Based?page=1&offset=0&filters=%7B%22catalogue_num%22%3A%22tofuplantbased07%22%7D&trigger_type=taxonomy_tofuplantbased07&filter_sub_category=tofuplantbased"
  },
  {
    "category":"tofu",
    "product_name":"Salted Duck Egg Yolks 20ct, Frozen 220 g",
    "price":14.49,
    "unit_price":"$1.86\/oz",
    "sales_count":300.0,
    "image_url":"https:\/\/img08.weeecdn.net\/product\/image\/457\/679\/6A0DC72E8576A1F3.png!c560x560_q80.auto",
    "source_url":"https:\/\/www.sayweee.com\/en\/category\/tofuplantbased07\/Frozen-Plant-Based?page=1&offset=0&filters=%7B%22catalogue_num%22%3A%22tofuplantbased07%22%7D&trigger_type=taxonomy_tofuplantbased07&filter_sub_category=tofuplantbased"
  },
  {
    "category":"tofu",
    "product_name":"Osato Yukihomare Natto (Large Bean) 3P 5.33 oz",
    "price":3.29,
    "unit_price":"$0.61\/oz",
    "sales_count":200.0,
    "image_url":"https:\/\/img08.weeecdn.net\/product\/image\/184\/532\/94D850A7EEE6FF6.png!c560x560_q80.auto",
    "source_url":"https:\/\/www.sayweee.com\/en\/category\/tofuplantbased07\/Frozen-Plant-Based?page=1&offset=0&filters=%7B%22catalogue_num%22%3A%22tofuplantbased07%22%7D&trigger_type=taxonomy_tofuplantbased07&filter_sub_category=tofuplantbased"
  },
  {
    "category":"tofu",
    "product_name":"Fresh Way Prefried Stinky Tofu Frozen 7.8 oz",
    "price":5.49,
    "unit_price":"$0.70\/oz",
    "sales_count":200.0,
    "image_url":"https:\/\/img08.weeecdn.net\/product\/image\/231\/471\/37711140469FC216.png!c560x560_q80.auto",
    "source_url":"https:\/\/www.sayweee.com\/en\/category\/tofuplantbased07\/Frozen-Plant-Based?page=1&offset=0&filters=%7B%22catalogue_num%22%3A%22tofuplantbased07%22%7D&trigger_type=taxonomy_tofuplantbased07&filter_sub_category=tofuplantbased"
  },
  {
    "category":"tofu",
    "product_name":"Fresh Soy Knot, Frozen 12 oz",
    "price":5.99,
    "unit_price":"$0.49\/oz",
    "sales_count":null,
    "image_url":"https:\/\/img08.weeecdn.net\/item\/image\/557\/744\/5EAA9484B4744FED.jpg!c560x560_q80.auto",
    "source_url":"https:\/\/www.sayweee.com\/en\/category\/tofuplantbased07\/Frozen-Plant-Based?page=1&offset=0&filters=%7B%22catalogue_num%22%3A%22tofuplantbased07%22%7D&trigger_type=taxonomy_tofuplantbased07&filter_sub_category=tofuplantbased"
  },
  {
    "category":"tofu",
    "product_name":"Havista Spring Roll Soybean Skin, Frozen 227 g",
    "price":5.99,
    "unit_price":"$0.74\/oz",
    "sales_count":50.0,
    "image_url":"https:\/\/img08.weeecdn.net\/item\/image\/114\/168\/2C7EA0130CFDF797.jpg!c560x560_q80.auto",
    "source_url":"https:\/\/www.sayweee.com\/en\/category\/tofuplantbased07\/Frozen-Plant-Based?page=1&offset=0&filters=%7B%22catalogue_num%22%3A%22tofuplantbased07%22%7D&trigger_type=taxonomy_tofuplantbased07&filter_sub_category=tofuplantbased"
  },
  {
    "category":"tofu",
    "product_name":"Havista Soy Tofu Sheets Frozen 500 g",
    "price":6.99,
    "unit_price":"$0.39\/oz",
    "sales_count":700.0,
    "image_url":"https:\/\/img08.weeecdn.net\/product\/image\/601\/804\/5354556776B29FBA.png!c560x560_q80.auto",
    "source_url":"https:\/\/www.sayweee.com\/en\/category\/tofuplantbased07\/Frozen-Plant-Based?page=1&offset=0&filters=%7B%22catalogue_num%22%3A%22tofuplantbased07%22%7D&trigger_type=taxonomy_tofuplantbased07&filter_sub_category=tofuplantbased"
  },
  {
    "category":"tofu",
    "product_name":"ZuMing Fried Tofu Cubes, Frozen 200 g",
    "price":3.99,
    "unit_price":"$4.49",
    "sales_count":200.0,
    "image_url":"https:\/\/img08.weeecdn.net\/item\/image\/121\/745\/6D9F0E338E9CE01F.jpg!c560x560_q80.auto",
    "source_url":"https:\/\/www.sayweee.com\/en\/category\/tofuplantbased07\/Frozen-Plant-Based?page=1&offset=0&filters=%7B%22catalogue_num%22%3A%22tofuplantbased07%22%7D&trigger_type=taxonomy_tofuplantbased07&filter_sub_category=tofuplantbased"
  },
  {
    "category":"tofu",
    "product_name":"Havista Soy Tofu Sheets Five Spice, Frozen 500 g",
    "price":6.99,
    "unit_price":"$0.39\/oz",
    "sales_count":50.0,
    "image_url":"https:\/\/img08.weeecdn.net\/item\/image\/266\/381\/533902A1F205C2F9.jpg!c560x560_q80.auto",
    "source_url":"https:\/\/www.sayweee.com\/en\/category\/tofuplantbased07\/Frozen-Plant-Based?page=1&offset=0&filters=%7B%22catalogue_num%22%3A%22tofuplantbased07%22%7D&trigger_type=taxonomy_tofuplantbased07&filter_sub_category=tofuplantbased"
  },
  {
    "category":"tofu",
    "product_name":"Everbest Vegetarian Roasted Chicken Frozen 450 g",
    "price":6.49,
    "unit_price":"$0.40\/oz",
    "sales_count":null,
    "image_url":"https:\/\/img08.weeecdn.net\/product\/image\/738\/075\/69DC168427F52298.png!c560x560_q80.auto",
    "source_url":"https:\/\/www.sayweee.com\/en\/category\/tofuplantbased07\/Frozen-Plant-Based?page=1&offset=0&filters=%7B%22catalogue_num%22%3A%22tofuplantbased07%22%7D&trigger_type=taxonomy_tofuplantbased07&filter_sub_category=tofuplantbased"
  },
  {
    "category":"tofu",
    "product_name":"EVERBEST Vegetarian Yuba Maki Roll 300 g",
    "price":6.29,
    "unit_price":"$0.59\/oz",
    "sales_count":null,
    "image_url":"https:\/\/img08.weeecdn.net\/product\/image\/171\/734\/46B75D67CDEC7CAC.png!c560x560_q80.auto",
    "source_url":"https:\/\/www.sayweee.com\/en\/category\/tofuplantbased07\/Frozen-Plant-Based?page=1&offset=0&filters=%7B%22catalogue_num%22%3A%22tofuplantbased07%22%7D&trigger_type=taxonomy_tofuplantbased07&filter_sub_category=tofuplantbased"
  },
  {
    "category":"tofu",
    "product_name":"Pulmuone Black Soybean Natto 6pcs 297 g",
    "price":11.49,
    "unit_price":"$1.09\/oz",
    "sales_count":50.0,
    "image_url":"https:\/\/img08.weeecdn.net\/item\/image\/188\/431\/4AB4717D4C2FB5DF.jpg!c560x560_q80.auto",
    "source_url":"https:\/\/www.sayweee.com\/en\/category\/tofuplantbased07\/Frozen-Plant-Based?page=1&offset=0&filters=%7B%22catalogue_num%22%3A%22tofuplantbased07%22%7D&trigger_type=taxonomy_tofuplantbased07&filter_sub_category=tofuplantbased"
  },
  {
    "category":"tofu",
    "product_name":"Everbest Vegetarian Spiced Duck, Frozen 250 g",
    "price":6.49,
    "unit_price":"$0.73\/oz",
    "sales_count":null,
    "image_url":"https:\/\/img08.weeecdn.net\/product\/image\/737\/066\/6A98B6744B1659B3.png!c560x560_q80.auto",
    "source_url":"https:\/\/www.sayweee.com\/en\/category\/tofuplantbased07\/Frozen-Plant-Based?page=1&offset=0&filters=%7B%22catalogue_num%22%3A%22tofuplantbased07%22%7D&trigger_type=taxonomy_tofuplantbased07&filter_sub_category=tofuplantbased"
  },
  {
    "category":"tofu",
    "product_name":"Havista Soy Tofu Slices 500 g",
    "price":6.99,
    "unit_price":"$0.39\/oz",
    "sales_count":700.0,
    "image_url":"https:\/\/img08.weeecdn.net\/product\/image\/985\/010\/2A4C91463ABBEC36.png!c560x560_q80.auto",
    "source_url":"https:\/\/www.sayweee.com\/en\/category\/tofuplantbased07\/Frozen-Plant-Based?page=1&offset=0&filters=%7B%22catalogue_num%22%3A%22tofuplantbased07%22%7D&trigger_type=taxonomy_tofuplantbased07&filter_sub_category=tofuplantbased"
  },
  {
    "category":"tofu",
    "product_name":"Hong Chang Long Fresh Soy Chip 12 oz",
    "price":6.29,
    "unit_price":"$0.52\/oz",
    "sales_count":null,
    "image_url":"https:\/\/img08.weeecdn.net\/product\/image\/185\/427\/76F0B6AA6B7F0EA5.png!c560x560_q80.auto",
    "source_url":"https:\/\/www.sayweee.com\/en\/category\/tofuplantbased07\/Frozen-Plant-Based?page=1&offset=0&filters=%7B%22catalogue_num%22%3A%22tofuplantbased07%22%7D&trigger_type=taxonomy_tofuplantbased07&filter_sub_category=tofuplantbased"
  },
  {
    "category":"tofu",
    "product_name":"Zuming Five Spice Vegan Chicken 250 g",
    "price":4.79,
    "unit_price":"$0.54\/oz",
    "sales_count":200.0,
    "image_url":"https:\/\/img08.weeecdn.net\/product\/image\/945\/221\/15F90AC0B1EA0F09.png!c560x560_q80.auto",
    "source_url":"https:\/\/www.sayweee.com\/en\/category\/tofuplantbased07\/Frozen-Plant-Based?page=1&offset=0&filters=%7B%22catalogue_num%22%3A%22tofuplantbased07%22%7D&trigger_type=taxonomy_tofuplantbased07&filter_sub_category=tofuplantbased"
  },
  {
    "category":"tofu",
    "product_name":"Okame Natto Hikiwari (Chopped) 3P 3.17 oz",
    "price":2.49,
    "unit_price":"$0.78\/oz",
    "sales_count":500.0,
    "image_url":"https:\/\/img08.weeecdn.net\/product\/image\/091\/039\/7D846DBF77C7E691.png!c560x560_q80.auto",
    "source_url":"https:\/\/www.sayweee.com\/en\/category\/tofuplantbased07\/Frozen-Plant-Based?page=1&offset=0&filters=%7B%22catalogue_num%22%3A%22tofuplantbased07%22%7D&trigger_type=taxonomy_tofuplantbased07&filter_sub_category=tofuplantbased"
  },
  {
    "category":"tofu",
    "product_name":"Everbest Vegetarian 5 Spices Ball Frozen 500 g",
    "price":7.99,
    "unit_price":"$0.45\/oz",
    "sales_count":null,
    "image_url":"https:\/\/img08.weeecdn.net\/product\/image\/841\/934\/7D7FB5A99E73A8F4.png!c560x560_q80.auto",
    "source_url":"https:\/\/www.sayweee.com\/en\/category\/tofuplantbased07\/Frozen-Plant-Based?page=1&offset=0&filters=%7B%22catalogue_num%22%3A%22tofuplantbased07%22%7D&trigger_type=taxonomy_tofuplantbased07&filter_sub_category=tofuplantbased"
  },
  {
    "category":"tofu",
    "product_name":"3 Mien Stewed Bean Curd Sheets, Frozen 13 oz",
    "price":8.29,
    "unit_price":"$0.63\/oz",
    "sales_count":50.0,
    "image_url":"https:\/\/img08.weeecdn.net\/product\/image\/070\/217\/3EB5824FC34C8086.png!c560x560_q80.auto",
    "source_url":"https:\/\/www.sayweee.com\/en\/category\/tofuplantbased07\/Frozen-Plant-Based?page=1&offset=0&filters=%7B%22catalogue_num%22%3A%22tofuplantbased07%22%7D&trigger_type=taxonomy_tofuplantbased07&filter_sub_category=tofuplantbased"
  },
  {
    "category":"tofu",
    "product_name":"Zuming Soy Bread, Frozen 550 g",
    "price":4.29,
    "unit_price":"$0.22\/oz",
    "sales_count":50.0,
    "image_url":"https:\/\/img08.weeecdn.net\/product\/image\/757\/909\/502D420C392EFAC1.png!c560x560_q80.auto",
    "source_url":"https:\/\/www.sayweee.com\/en\/category\/tofuplantbased07\/Frozen-Plant-Based?page=1&offset=0&filters=%7B%22catalogue_num%22%3A%22tofuplantbased07%22%7D&trigger_type=taxonomy_tofuplantbased07&filter_sub_category=tofuplantbased"
  },
  {
    "category":"tofu",
    "product_name":"Duo Duo Foods Inc Tofu Cake, Frozen 500 g",
    "price":5.79,
    "unit_price":"$0.32\/oz",
    "sales_count":300.0,
    "image_url":"https:\/\/img08.weeecdn.net\/item\/image\/514\/086\/42080E9F171C0136.jpg!c560x560_q80.auto",
    "source_url":"https:\/\/www.sayweee.com\/en\/category\/tofuplantbased07\/Frozen-Plant-Based?page=1&offset=0&filters=%7B%22catalogue_num%22%3A%22tofuplantbased07%22%7D&trigger_type=taxonomy_tofuplantbased07&filter_sub_category=tofuplantbased"
  },
  {
    "category":"tofu",
    "product_name":"Amul Malai Paneer Diced 1000 g",
    "price":19.99,
    "unit_price":"$0.56\/oz",
    "sales_count":null,
    "image_url":"https:\/\/img08.weeecdn.net\/product\/image\/873\/471\/3CA734D08A9560AB.png!c560x560_q80.auto",
    "source_url":"https:\/\/www.sayweee.com\/en\/category\/tofuplantbased07\/Frozen-Plant-Based?page=1&offset=0&filters=%7B%22catalogue_num%22%3A%22tofuplantbased07%22%7D&trigger_type=taxonomy_tofuplantbased07&filter_sub_category=tofuplantbased"
  },
  {
    "category":"tofu",
    "product_name":"3 Mien Frozen Stewed Mushroom 13 oz",
    "price":8.29,
    "unit_price":"$0.63\/oz",
    "sales_count":null,
    "image_url":"https:\/\/img08.weeecdn.net\/product\/image\/747\/886\/3A61A2DFB7E6A7ED.png!c560x560_q80.auto",
    "source_url":"https:\/\/www.sayweee.com\/en\/category\/tofuplantbased07\/Frozen-Plant-Based?page=1&offset=0&filters=%7B%22catalogue_num%22%3A%22tofuplantbased07%22%7D&trigger_type=taxonomy_tofuplantbased07&filter_sub_category=tofuplantbased"
  },
  {
    "category":"tofu",
    "product_name":"Jeollanam-do Bean Paste Soup with Radish Stem 600 g",
    "price":6.79,
    "unit_price":"$0.32\/oz",
    "sales_count":50.0,
    "image_url":"https:\/\/img08.weeecdn.net\/product\/image\/025\/686\/73570E3831FA3CE3.png!c560x560_q80.auto",
    "source_url":"https:\/\/www.sayweee.com\/en\/category\/tofuplantbased07\/Frozen-Plant-Based?page=1&offset=0&filters=%7B%22catalogue_num%22%3A%22tofuplantbased07%22%7D&trigger_type=taxonomy_tofuplantbased07&filter_sub_category=tofuplantbased"
  },
  {
    "category":"tofu",
    "product_name":"[Korea Direct ] Outer leaves Soybean Paste Soup 40 g",
    "price":16.0,
    "unit_price":"$0.40\/g",
    "sales_count":null,
    "image_url":"https:\/\/img08.weeecdn.net\/item\/image\/728\/064\/565935B31C313D8.jpeg!c560x560_q80.auto",
    "source_url":"https:\/\/www.sayweee.com\/en\/category\/tofuplantbased07\/Frozen-Plant-Based?page=1&offset=0&filters=%7B%22catalogue_num%22%3A%22tofuplantbased07%22%7D&trigger_type=taxonomy_tofuplantbased07&filter_sub_category=tofuplantbased"
  },
  {
    "category":"tofu",
    "product_name":"Miseon's cheonggukjang 120 g",
    "price":6.99,
    "unit_price":"$0.05\/g",
    "sales_count":null,
    "image_url":"https:\/\/img08.weeecdn.net\/item\/image\/484\/973\/30E886176663FF63.jpeg!c560x560_q80.auto",
    "source_url":"https:\/\/www.sayweee.com\/en\/category\/tofuplantbased07\/Frozen-Plant-Based?page=1&offset=0&filters=%7B%22catalogue_num%22%3A%22tofuplantbased07%22%7D&trigger_type=taxonomy_tofuplantbased07&filter_sub_category=tofuplantbased"
  },
  {
    "category":"tofu",
    "product_name":"Zuming Deep Fried Tofu 142 g",
    "price":3.29,
    "unit_price":"$0.65\/oz",
    "sales_count":1.0,
    "image_url":"https:\/\/img08.weeecdn.net\/product\/image\/790\/166\/4FEA3B7CA1D19EEC.png!c560x560_q80.auto",
    "source_url":"https:\/\/www.sayweee.com\/en\/category\/tofuplantbased07\/Frozen-Plant-Based?page=1&offset=0&filters=%7B%22catalogue_num%22%3A%22tofuplantbased07%22%7D&trigger_type=taxonomy_tofuplantbased07&filter_sub_category=tofuplantbased"
  },
  {
    "category":"tofu",
    "product_name":"Mizkan Kintsubu Toromame Natto Rich Flavor Frozen 3pk 130 g",
    "price":1.99,
    "unit_price":"$0.43\/oz",
    "sales_count":1.0,
    "image_url":"https:\/\/img08.weeecdn.net\/product\/image\/266\/505\/3925554CA1A9B0B5.png!c560x560_q80.auto",
    "source_url":"https:\/\/www.sayweee.com\/en\/category\/tofuplantbased07\/Frozen-Plant-Based?page=1&offset=0&filters=%7B%22catalogue_num%22%3A%22tofuplantbased07%22%7D&trigger_type=taxonomy_tofuplantbased07&filter_sub_category=tofuplantbased"
  },
  {
    "category":"tofu",
    "product_name":"Shirakiku Natto Mito Organic Fermented Soybean 135.9 g",
    "price":1.49,
    "unit_price":"$2.79",
    "sales_count":1.0,
    "image_url":"https:\/\/img08.weeecdn.net\/product\/image\/857\/413\/2A9194C43C786F86.png!c560x560_q80.auto",
    "source_url":"https:\/\/www.sayweee.com\/en\/category\/tofuplantbased07\/Frozen-Plant-Based?page=1&offset=0&filters=%7B%22catalogue_num%22%3A%22tofuplantbased07%22%7D&trigger_type=taxonomy_tofuplantbased07&filter_sub_category=tofuplantbased"
  },
  {
    "category":"tofu",
    "product_name":"Vadilal Malai Paneer Block Frozen 454 g",
    "price":10.99,
    "unit_price":"$0.68\/oz",
    "sales_count":600.0,
    "image_url":"https:\/\/img08.weeecdn.net\/product\/image\/831\/090\/17842EC96850CDCA.png!c560x560_q80.auto",
    "source_url":"https:\/\/www.sayweee.com\/en\/category\/tofuplantbased07\/Frozen-Plant-Based?page=1&offset=0&filters=%7B%22catalogue_num%22%3A%22tofuplantbased07%22%7D&trigger_type=taxonomy_tofuplantbased07&filter_sub_category=tofuplantbased"
  },
  {
    "category":"tofu",
    "product_name":"Hema Ten Seconds Fresh Yuba 120 g",
    "price":2.99,
    "unit_price":"$0.70\/oz",
    "sales_count":700.0,
    "image_url":"https:\/\/img08.weeecdn.net\/product\/image\/701\/790\/2044CE0824C52123.jpeg!c560x560_q80.auto",
    "source_url":"https:\/\/www.sayweee.com\/en\/category\/tofuplantbased07\/Frozen-Plant-Based?page=1&offset=0&filters=%7B%22catalogue_num%22%3A%22tofuplantbased07%22%7D&trigger_type=taxonomy_tofuplantbased07&filter_sub_category=tofuplantbased"
  },
  {
    "category":"tofu",
    "product_name":"Sincere Orient Bánh Phở Tươi Fresh Rice Stick Noodles 16 oz",
    "price":1.79,
    "unit_price":"$0.11\/oz",
    "sales_count":null,
    "image_url":"https:\/\/img08.weeecdn.net\/item\/image\/605\/229\/718268D0E7B0BC49.jpg!c560x560_q80.auto",
    "source_url":"https:\/\/www.sayweee.com\/en\/category\/tofuplantbased05\/Noodles-Wraps?page=1&offset=0&filters=%7B%22catalogue_num%22%3A%22tofuplantbased05%22%7D&trigger_type=taxonomy_tofuplantbased05&filter_sub_category=tofuplantbased"
  },
  {
    "category":"tofu",
    "product_name":"Hansang Sliced Rice Cake For Tteokbokki 2.2 lb",
    "price":4.99,
    "unit_price":"$0.14\/oz",
    "sales_count":null,
    "image_url":"https:\/\/img08.weeecdn.net\/item\/image\/003\/442\/86A3D20C733469C.jpg!c560x560_q80.auto",
    "source_url":"https:\/\/www.sayweee.com\/en\/category\/tofuplantbased05\/Noodles-Wraps?page=1&offset=0&filters=%7B%22catalogue_num%22%3A%22tofuplantbased05%22%7D&trigger_type=taxonomy_tofuplantbased05&filter_sub_category=tofuplantbased"
  },
  {
    "category":"tofu",
    "product_name":"Hansang Sliced Rice Cake 2.2 lb",
    "price":4.49,
    "unit_price":"$0.12\/oz",
    "sales_count":null,
    "image_url":"https:\/\/img08.weeecdn.net\/product\/image\/393\/341\/4FBE89444959EAD2.png!c560x560_q80.auto",
    "source_url":"https:\/\/www.sayweee.com\/en\/category\/tofuplantbased05\/Noodles-Wraps?page=1&offset=0&filters=%7B%22catalogue_num%22%3A%22tofuplantbased05%22%7D&trigger_type=taxonomy_tofuplantbased05&filter_sub_category=tofuplantbased"
  },
  {
    "category":"tofu",
    "product_name":"Feitian Potato Noodle (Round) 280 g",
    "price":1.99,
    "unit_price":"$0.20\/oz",
    "sales_count":null,
    "image_url":"https:\/\/img08.weeecdn.net\/product\/image\/067\/983\/15304D1E2D549F45.png!c560x560_q80.auto",
    "source_url":"https:\/\/www.sayweee.com\/en\/category\/tofuplantbased05\/Noodles-Wraps?page=1&offset=0&filters=%7B%22catalogue_num%22%3A%22tofuplantbased05%22%7D&trigger_type=taxonomy_tofuplantbased05&filter_sub_category=tofuplantbased"
  },
  {
    "category":"tofu",
    "product_name":"Wang Fresh Knife Cut Noodle 2.2 lb",
    "price":7.99,
    "unit_price":"$0.22\/oz",
    "sales_count":null,
    "image_url":"https:\/\/img08.weeecdn.net\/product\/image\/022\/788\/39B3B39BE96CC9D1.png!c560x560_q80.auto",
    "source_url":"https:\/\/www.sayweee.com\/en\/category\/tofuplantbased05\/Noodles-Wraps?page=1&offset=0&filters=%7B%22catalogue_num%22%3A%22tofuplantbased05%22%7D&trigger_type=taxonomy_tofuplantbased05&filter_sub_category=tofuplantbased"
  },
  {
    "category":"tofu",
    "product_name":"Havista Wife's Fresh Noodles 1100 g",
    "price":8.99,
    "unit_price":"$0.23\/oz",
    "sales_count":null,
    "image_url":"https:\/\/img08.weeecdn.net\/item\/image\/676\/402\/673D4DE75397DAD6.jpg!c560x560_q80.auto",
    "source_url":"https:\/\/www.sayweee.com\/en\/category\/tofuplantbased05\/Noodles-Wraps?page=1&offset=0&filters=%7B%22catalogue_num%22%3A%22tofuplantbased05%22%7D&trigger_type=taxonomy_tofuplantbased05&filter_sub_category=tofuplantbased"
  },
  {
    "category":"tofu",
    "product_name":"Havista Shirataki Noodles Konjac Knots 300 g",
    "price":2.29,
    "unit_price":"$0.21\/oz",
    "sales_count":null,
    "image_url":"https:\/\/img08.weeecdn.net\/product\/image\/810\/301\/3A6983E68405D6F9.png!c560x560_q80.auto",
    "source_url":"https:\/\/www.sayweee.com\/en\/category\/tofuplantbased05\/Noodles-Wraps?page=1&offset=0&filters=%7B%22catalogue_num%22%3A%22tofuplantbased05%22%7D&trigger_type=taxonomy_tofuplantbased05&filter_sub_category=tofuplantbased"
  },
  {
    "category":"tofu",
    "product_name":"ASSI Seaweed Noodles 2.2 lb",
    "price":6.49,
    "unit_price":"$0.18\/oz",
    "sales_count":200.0,
    "image_url":"https:\/\/img08.weeecdn.net\/product\/image\/897\/092\/242AF050C1BAACDC.png!c560x560_q80.auto",
    "source_url":"https:\/\/www.sayweee.com\/en\/category\/tofuplantbased05\/Noodles-Wraps?page=1&offset=0&filters=%7B%22catalogue_num%22%3A%22tofuplantbased05%22%7D&trigger_type=taxonomy_tofuplantbased05&filter_sub_category=tofuplantbased"
  },
  {
    "category":"tofu",
    "product_name":"Sincere Orient Pad Thai 16 oz",
    "price":1.79,
    "unit_price":"$0.11\/oz",
    "sales_count":900.0,
    "image_url":"https:\/\/img08.weeecdn.net\/product\/image\/564\/119\/4BAB7843BED71B7C.png!c560x560_q80.auto",
    "source_url":"https:\/\/www.sayweee.com\/en\/category\/tofuplantbased05\/Noodles-Wraps?page=1&offset=0&filters=%7B%22catalogue_num%22%3A%22tofuplantbased05%22%7D&trigger_type=taxonomy_tofuplantbased05&filter_sub_category=tofuplantbased"
  },
  {
    "category":"tofu",
    "product_name":"Havista Lanzhou Fresh Noodles 1100 g",
    "price":8.49,
    "unit_price":"$9.79",
    "sales_count":null,
    "image_url":"https:\/\/img08.weeecdn.net\/item\/image\/386\/280\/390012A60DBBC55.jpg!c560x560_q80.auto",
    "source_url":"https:\/\/www.sayweee.com\/en\/category\/tofuplantbased05\/Noodles-Wraps?page=1&offset=0&filters=%7B%22catalogue_num%22%3A%22tofuplantbased05%22%7D&trigger_type=taxonomy_tofuplantbased05&filter_sub_category=tofuplantbased"
  },
  {
    "category":"tofu",
    "product_name":"CHILKAP Noodle Rice Cake - Tteokbokki 400 g",
    "price":2.99,
    "unit_price":"$0.21\/oz",
    "sales_count":200.0,
    "image_url":"https:\/\/img08.weeecdn.net\/product\/image\/423\/707\/1C0C634C14CAC298.png!c560x560_q80.auto",
    "source_url":"https:\/\/www.sayweee.com\/en\/category\/tofuplantbased05\/Noodles-Wraps?page=1&offset=0&filters=%7B%22catalogue_num%22%3A%22tofuplantbased05%22%7D&trigger_type=taxonomy_tofuplantbased05&filter_sub_category=tofuplantbased"
  },
  {
    "category":"tofu",
    "product_name":"Pulmuone Sliced Rice Cakes 650 g",
    "price":4.99,
    "unit_price":"$0.21\/oz",
    "sales_count":null,
    "image_url":"https:\/\/img08.weeecdn.net\/product\/image\/280\/876\/55633A506F85B19D.png!c560x560_q80.auto",
    "source_url":"https:\/\/www.sayweee.com\/en\/category\/tofuplantbased05\/Noodles-Wraps?page=1&offset=0&filters=%7B%22catalogue_num%22%3A%22tofuplantbased05%22%7D&trigger_type=taxonomy_tofuplantbased05&filter_sub_category=tofuplantbased"
  },
  {
    "category":"tofu",
    "product_name":"Pulmuone Tteokbokki Soup, Sweet and Spicy Flavor 424 g",
    "price":6.79,
    "unit_price":"$0.45\/oz",
    "sales_count":300.0,
    "image_url":"https:\/\/img08.weeecdn.net\/product\/image\/425\/864\/63FD7BCB97309CF4.png!c560x560_q80.auto",
    "source_url":"https:\/\/www.sayweee.com\/en\/category\/tofuplantbased05\/Noodles-Wraps?page=1&offset=0&filters=%7B%22catalogue_num%22%3A%22tofuplantbased05%22%7D&trigger_type=taxonomy_tofuplantbased05&filter_sub_category=tofuplantbased"
  },
  {
    "category":"tofu",
    "product_name":"Watson Long Thin Ramen Fresh Noodles 440 g",
    "price":2.79,
    "unit_price":"$0.17\/oz",
    "sales_count":100.0,
    "image_url":"https:\/\/img08.weeecdn.net\/item\/image\/106\/948\/3CE61919F6451999.jpg!c560x560_q80.auto",
    "source_url":"https:\/\/www.sayweee.com\/en\/category\/tofuplantbased05\/Noodles-Wraps?page=1&offset=0&filters=%7B%22catalogue_num%22%3A%22tofuplantbased05%22%7D&trigger_type=taxonomy_tofuplantbased05&filter_sub_category=tofuplantbased"
  },
  {
    "category":"tofu",
    "product_name":"Havista Shanghai Yangchun Fresh Noodles 1100 g",
    "price":9.79,
    "unit_price":"$0.25\/oz",
    "sales_count":300.0,
    "image_url":"https:\/\/img08.weeecdn.net\/item\/image\/697\/165\/1CA1FAAB33853098.jpg!c560x560_q80.auto",
    "source_url":"https:\/\/www.sayweee.com\/en\/category\/tofuplantbased05\/Noodles-Wraps?page=1&offset=0&filters=%7B%22catalogue_num%22%3A%22tofuplantbased05%22%7D&trigger_type=taxonomy_tofuplantbased05&filter_sub_category=tofuplantbased"
  },
  {
    "category":"tofu",
    "product_name":"PULMUONE Rice Cake Bars 1 lb",
    "price":4.79,
    "unit_price":"$0.29\/oz",
    "sales_count":200.0,
    "image_url":"https:\/\/img08.weeecdn.net\/product\/image\/324\/995\/2BE9E6812BCE438F.png!c560x560_q80.auto",
    "source_url":"https:\/\/www.sayweee.com\/en\/category\/tofuplantbased05\/Noodles-Wraps?page=1&offset=0&filters=%7B%22catalogue_num%22%3A%22tofuplantbased05%22%7D&trigger_type=taxonomy_tofuplantbased05&filter_sub_category=tofuplantbased"
  },
  {
    "category":"tofu",
    "product_name":"Sunning Fresh Rice Stick Noodle 1 lb",
    "price":3.29,
    "unit_price":"$0.20\/oz",
    "sales_count":300.0,
    "image_url":"https:\/\/img08.weeecdn.net\/product\/image\/625\/112\/60C22C1E469FB338.jpeg!c560x560_q80.auto",
    "source_url":"https:\/\/www.sayweee.com\/en\/category\/tofuplantbased05\/Noodles-Wraps?page=1&offset=0&filters=%7B%22catalogue_num%22%3A%22tofuplantbased05%22%7D&trigger_type=taxonomy_tofuplantbased05&filter_sub_category=tofuplantbased"
  },
  {
    "category":"tofu",
    "product_name":"Surasang Rice Cake Stick (Tteokbokki) 1.43 lb",
    "price":4.99,
    "unit_price":"$0.21\/oz",
    "sales_count":50.0,
    "image_url":"https:\/\/img08.weeecdn.net\/product\/image\/045\/906\/1F339934FCCC873A.png!c560x560_q80.auto",
    "source_url":"https:\/\/www.sayweee.com\/en\/category\/tofuplantbased05\/Noodles-Wraps?page=1&offset=0&filters=%7B%22catalogue_num%22%3A%22tofuplantbased05%22%7D&trigger_type=taxonomy_tofuplantbased05&filter_sub_category=tofuplantbased"
  },
  {
    "category":"tofu",
    "product_name":"Watson Ramen Fresh Noodles 440 g",
    "price":2.79,
    "unit_price":"$0.17\/oz",
    "sales_count":300.0,
    "image_url":"https:\/\/img08.weeecdn.net\/product\/image\/258\/974\/485F4AA580194F3A.png!c560x560_q80.auto",
    "source_url":"https:\/\/www.sayweee.com\/en\/category\/tofuplantbased05\/Noodles-Wraps?page=1&offset=0&filters=%7B%22catalogue_num%22%3A%22tofuplantbased05%22%7D&trigger_type=taxonomy_tofuplantbased05&filter_sub_category=tofuplantbased"
  },
  {
    "category":"tofu",
    "product_name":"House Tofu Shirataki Spaghetti 226 g",
    "price":2.99,
    "unit_price":"$0.37\/oz",
    "sales_count":300.0,
    "image_url":"https:\/\/img08.weeecdn.net\/product\/image\/030\/350\/786B075FEEC35D14.jpeg!c560x560_q80.auto",
    "source_url":"https:\/\/www.sayweee.com\/en\/category\/tofuplantbased05\/Noodles-Wraps?page=1&offset=0&filters=%7B%22catalogue_num%22%3A%22tofuplantbased05%22%7D&trigger_type=taxonomy_tofuplantbased05&filter_sub_category=tofuplantbased"
  },
  {
    "category":"tofu",
    "product_name":"Sajo Fresh Noodles, Round 1000 g",
    "price":4.99,
    "unit_price":"$0.14\/oz",
    "sales_count":100.0,
    "image_url":"https:\/\/img08.weeecdn.net\/product\/image\/324\/764\/24BDF79827E6BD9E.png!c560x560_q80.auto",
    "source_url":"https:\/\/www.sayweee.com\/en\/category\/tofuplantbased05\/Noodles-Wraps?page=1&offset=0&filters=%7B%22catalogue_num%22%3A%22tofuplantbased05%22%7D&trigger_type=taxonomy_tofuplantbased05&filter_sub_category=tofuplantbased"
  },
  {
    "category":"tofu",
    "product_name":"daesin Seaweed Konjac Noodles 800 g",
    "price":6.99,
    "unit_price":"$0.24\/oz",
    "sales_count":null,
    "image_url":"https:\/\/img08.weeecdn.net\/product\/image\/895\/351\/4FC8DF9D48887175.png!c560x560_q80.auto",
    "source_url":"https:\/\/www.sayweee.com\/en\/category\/tofuplantbased05\/Noodles-Wraps?page=1&offset=0&filters=%7B%22catalogue_num%22%3A%22tofuplantbased05%22%7D&trigger_type=taxonomy_tofuplantbased05&filter_sub_category=tofuplantbased"
  },
  {
    "category":"tofu",
    "product_name":"Pulmuone Wheat Flour Cakes (Topokki) 22.9 oz",
    "price":5.49,
    "unit_price":"$0.23\/oz",
    "sales_count":200.0,
    "image_url":"https:\/\/img08.weeecdn.net\/product\/image\/521\/322\/44A643101E9C2EEF.png!c560x560_q80.auto",
    "source_url":"https:\/\/www.sayweee.com\/en\/category\/tofuplantbased05\/Noodles-Wraps?page=1&offset=0&filters=%7B%22catalogue_num%22%3A%22tofuplantbased05%22%7D&trigger_type=taxonomy_tofuplantbased05&filter_sub_category=tofuplantbased"
  },
  {
    "category":"tofu",
    "product_name":"CHILKAP Chinese Styled Noodle 2.2 lb",
    "price":5.29,
    "unit_price":"$0.15\/oz",
    "sales_count":200.0,
    "image_url":"https:\/\/img08.weeecdn.net\/product\/image\/477\/480\/4CF9C02E976E2C36.png!c560x560_q80.auto",
    "source_url":"https:\/\/www.sayweee.com\/en\/category\/tofuplantbased05\/Noodles-Wraps?page=1&offset=0&filters=%7B%22catalogue_num%22%3A%22tofuplantbased05%22%7D&trigger_type=taxonomy_tofuplantbased05&filter_sub_category=tofuplantbased"
  },
  {
    "category":"tofu",
    "product_name":"Yissine Rice Cake 1.76 lb",
    "price":4.79,
    "unit_price":"$0.17\/oz",
    "sales_count":null,
    "image_url":"https:\/\/img08.weeecdn.net\/item\/image\/103\/738\/1962530BDF6EC3E5.jpg!c560x560_q80.auto",
    "source_url":"https:\/\/www.sayweee.com\/en\/category\/tofuplantbased05\/Noodles-Wraps?page=1&offset=0&filters=%7B%22catalogue_num%22%3A%22tofuplantbased05%22%7D&trigger_type=taxonomy_tofuplantbased05&filter_sub_category=tofuplantbased"
  },
  {
    "category":"tofu",
    "product_name":"Sajo Fresh Noodles, Flat 1000 g",
    "price":4.99,
    "unit_price":"$0.14\/oz",
    "sales_count":100.0,
    "image_url":"https:\/\/img08.weeecdn.net\/product\/image\/685\/115\/457EED070B892D4A.png!c560x560_q80.auto",
    "source_url":"https:\/\/www.sayweee.com\/en\/category\/tofuplantbased05\/Noodles-Wraps?page=1&offset=0&filters=%7B%22catalogue_num%22%3A%22tofuplantbased05%22%7D&trigger_type=taxonomy_tofuplantbased05&filter_sub_category=tofuplantbased"
  },
  {
    "category":"tofu",
    "product_name":"Sajo Fresh Noodles, Spinach 1000 g",
    "price":4.99,
    "unit_price":"$0.14\/oz",
    "sales_count":null,
    "image_url":"https:\/\/img08.weeecdn.net\/product\/image\/593\/991\/46935227BE8D733B.png!c560x560_q80.auto",
    "source_url":"https:\/\/www.sayweee.com\/en\/category\/tofuplantbased05\/Noodles-Wraps?page=1&offset=0&filters=%7B%22catalogue_num%22%3A%22tofuplantbased05%22%7D&trigger_type=taxonomy_tofuplantbased05&filter_sub_category=tofuplantbased"
  },
  {
    "category":"tofu",
    "product_name":"House Tofu Shirataki Angel Hair 226 g",
    "price":2.99,
    "unit_price":"$0.37\/oz",
    "sales_count":100.0,
    "image_url":"https:\/\/img08.weeecdn.net\/product\/image\/734\/897\/7AD21B566DA63B33.jpeg!c560x560_q80.auto",
    "source_url":"https:\/\/www.sayweee.com\/en\/category\/tofuplantbased05\/Noodles-Wraps?page=1&offset=0&filters=%7B%22catalogue_num%22%3A%22tofuplantbased05%22%7D&trigger_type=taxonomy_tofuplantbased05&filter_sub_category=tofuplantbased"
  },
  {
    "category":"tofu",
    "product_name":"Pulmuone Sliced Rice Cakes (Family Pack) 2.2 lb",
    "price":6.99,
    "unit_price":"$0.19\/oz",
    "sales_count":null,
    "image_url":"https:\/\/img08.weeecdn.net\/product\/image\/877\/069\/484126EC0CB14D64.png!c560x560_q80.auto",
    "source_url":"https:\/\/www.sayweee.com\/en\/category\/tofuplantbased05\/Noodles-Wraps?page=1&offset=0&filters=%7B%22catalogue_num%22%3A%22tofuplantbased05%22%7D&trigger_type=taxonomy_tofuplantbased05&filter_sub_category=tofuplantbased"
  },
  {
    "category":"tofu",
    "product_name":"Yissine Joraengi Topokki Rice Cake 1.36 lb",
    "price":5.49,
    "unit_price":"$0.25\/oz",
    "sales_count":null,
    "image_url":"https:\/\/img08.weeecdn.net\/item\/image\/970\/461\/13F27A2B44586885.png!c560x560_q80.auto",
    "source_url":"https:\/\/www.sayweee.com\/en\/category\/tofuplantbased05\/Noodles-Wraps?page=1&offset=0&filters=%7B%22catalogue_num%22%3A%22tofuplantbased05%22%7D&trigger_type=taxonomy_tofuplantbased05&filter_sub_category=tofuplantbased"
  },
  {
    "category":"tofu",
    "product_name":"Havista Shanxi Planed Fresh Noodles 1100 g",
    "price":9.79,
    "unit_price":"$0.25\/oz",
    "sales_count":300.0,
    "image_url":"https:\/\/img08.weeecdn.net\/item\/image\/014\/677\/FEE690147AEFAD8.jpg!c560x560_q80.auto",
    "source_url":"https:\/\/www.sayweee.com\/en\/category\/tofuplantbased05\/Noodles-Wraps?page=1&offset=0&filters=%7B%22catalogue_num%22%3A%22tofuplantbased05%22%7D&trigger_type=taxonomy_tofuplantbased05&filter_sub_category=tofuplantbased"
  },
  {
    "category":"tofu",
    "product_name":"Watson Lanzhou Fresh Noodles 440 g",
    "price":2.79,
    "unit_price":"$0.17\/oz",
    "sales_count":300.0,
    "image_url":"https:\/\/img08.weeecdn.net\/product\/image\/343\/639\/36B830309CBF4AD.png!c560x560_q80.auto",
    "source_url":"https:\/\/www.sayweee.com\/en\/category\/tofuplantbased05\/Noodles-Wraps?page=1&offset=0&filters=%7B%22catalogue_num%22%3A%22tofuplantbased05%22%7D&trigger_type=taxonomy_tofuplantbased05&filter_sub_category=tofuplantbased"
  },
  {
    "category":"tofu",
    "product_name":"PULMUONE Topokki Jjajang 11.6 oz",
    "price":6.49,
    "unit_price":"$0.55\/oz",
    "sales_count":null,
    "image_url":"https:\/\/img08.weeecdn.net\/product\/image\/750\/182\/2307B3AED945F5BE.png!c560x560_q80.auto",
    "source_url":"https:\/\/www.sayweee.com\/en\/category\/tofuplantbased05\/Noodles-Wraps?page=1&offset=0&filters=%7B%22catalogue_num%22%3A%22tofuplantbased05%22%7D&trigger_type=taxonomy_tofuplantbased05&filter_sub_category=tofuplantbased"
  },
  {
    "category":"tofu",
    "product_name":"Surasang Sliced Rice Cake 1.43 lb",
    "price":4.99,
    "unit_price":"$0.21\/oz",
    "sales_count":100.0,
    "image_url":"https:\/\/img08.weeecdn.net\/product\/image\/314\/077\/54F1F00601872E1B.png!c560x560_q80.auto",
    "source_url":"https:\/\/www.sayweee.com\/en\/category\/tofuplantbased05\/Noodles-Wraps?page=1&offset=0&filters=%7B%22catalogue_num%22%3A%22tofuplantbased05%22%7D&trigger_type=taxonomy_tofuplantbased05&filter_sub_category=tofuplantbased"
  },
  {
    "category":"tofu",
    "product_name":"Wang Korean Fresh Udon Noodle 2.2 lb",
    "price":7.99,
    "unit_price":"$0.22\/oz",
    "sales_count":50.0,
    "image_url":"https:\/\/img08.weeecdn.net\/product\/image\/572\/039\/215F78A84A7651A0.png!c560x560_q80.auto",
    "source_url":"https:\/\/www.sayweee.com\/en\/category\/tofuplantbased05\/Noodles-Wraps?page=1&offset=0&filters=%7B%22catalogue_num%22%3A%22tofuplantbased05%22%7D&trigger_type=taxonomy_tofuplantbased05&filter_sub_category=tofuplantbased"
  },
  {
    "category":"tofu",
    "product_name":"Havista Shirataki Noodles 500 g",
    "price":4.99,
    "unit_price":"$0.28\/oz",
    "sales_count":50.0,
    "image_url":"https:\/\/img08.weeecdn.net\/product\/image\/522\/198\/4ED87291DCDC3714.png!c560x560_q80.auto",
    "source_url":"https:\/\/www.sayweee.com\/en\/category\/tofuplantbased05\/Noodles-Wraps?page=1&offset=0&filters=%7B%22catalogue_num%22%3A%22tofuplantbased05%22%7D&trigger_type=taxonomy_tofuplantbased05&filter_sub_category=tofuplantbased"
  },
  {
    "category":"tofu",
    "product_name":"CHILKAP Bar Rice Cake with Sauce 385 g",
    "price":6.79,
    "unit_price":"$0.49\/oz",
    "sales_count":null,
    "image_url":"https:\/\/img08.weeecdn.net\/product\/image\/530\/768\/3F6105702166E1F0.png!c560x560_q80.auto",
    "source_url":"https:\/\/www.sayweee.com\/en\/category\/tofuplantbased05\/Noodles-Wraps?page=1&offset=0&filters=%7B%22catalogue_num%22%3A%22tofuplantbased05%22%7D&trigger_type=taxonomy_tofuplantbased05&filter_sub_category=tofuplantbased"
  },
  {
    "category":"tofu",
    "product_name":"CHILGAP Korean Style Cold Bean Noodle 440 g",
    "price":6.99,
    "unit_price":"$0.45\/oz",
    "sales_count":null,
    "image_url":"https:\/\/img08.weeecdn.net\/product\/image\/284\/125\/4F17F5F0FE3F7FD6.png!c560x560_q80.auto",
    "source_url":"https:\/\/www.sayweee.com\/en\/category\/tofuplantbased05\/Noodles-Wraps?page=1&offset=0&filters=%7B%22catalogue_num%22%3A%22tofuplantbased05%22%7D&trigger_type=taxonomy_tofuplantbased05&filter_sub_category=tofuplantbased"
  },
  {
    "category":"tofu",
    "product_name":"Chilkab Korean Noodle & Sujebi - with Soup Base & Perilla Seed (Spicy) 438 g",
    "price":7.99,
    "unit_price":"$0.51\/oz",
    "sales_count":null,
    "image_url":"https:\/\/img08.weeecdn.net\/product\/image\/905\/265\/54DCDB95AD93F556.png!c560x560_q80.auto",
    "source_url":"https:\/\/www.sayweee.com\/en\/category\/tofuplantbased05\/Noodles-Wraps?page=1&offset=0&filters=%7B%22catalogue_num%22%3A%22tofuplantbased05%22%7D&trigger_type=taxonomy_tofuplantbased05&filter_sub_category=tofuplantbased"
  },
  {
    "category":"tofu",
    "product_name":"Rama Fresh Rice Stick Noodle 1 lb",
    "price":2.69,
    "unit_price":"$0.16\/oz",
    "sales_count":50.0,
    "image_url":"https:\/\/img08.weeecdn.net\/product\/image\/535\/213\/16593F80396D7938.jpeg!c560x560_q80.auto",
    "source_url":"https:\/\/www.sayweee.com\/en\/category\/tofuplantbased05\/Noodles-Wraps?page=1&offset=0&filters=%7B%22catalogue_num%22%3A%22tofuplantbased05%22%7D&trigger_type=taxonomy_tofuplantbased05&filter_sub_category=tofuplantbased"
  },
  {
    "category":"tofu",
    "product_name":"Surasang Spicy Cold Chewy Wheat Noodle (zzol-myon) 18.34 oz",
    "price":7.99,
    "unit_price":"$0.43\/oz",
    "sales_count":null,
    "image_url":"https:\/\/img08.weeecdn.net\/product\/image\/904\/537\/E000831A7C1944D.png!c560x560_q80.auto",
    "source_url":"https:\/\/www.sayweee.com\/en\/category\/tofuplantbased05\/Noodles-Wraps?page=1&offset=0&filters=%7B%22catalogue_num%22%3A%22tofuplantbased05%22%7D&trigger_type=taxonomy_tofuplantbased05&filter_sub_category=tofuplantbased"
  },
  {
    "category":"tofu",
    "product_name":"CHILGAP Korean Pasta(Sujebi)-Spicy Seafood-Cup 173 g",
    "price":3.49,
    "unit_price":"$0.57\/oz",
    "sales_count":null,
    "image_url":"https:\/\/img08.weeecdn.net\/product\/image\/475\/280\/620635CE431E9C98.png!c560x560_q80.auto",
    "source_url":"https:\/\/www.sayweee.com\/en\/category\/tofuplantbased05\/Noodles-Wraps?page=1&offset=0&filters=%7B%22catalogue_num%22%3A%22tofuplantbased05%22%7D&trigger_type=taxonomy_tofuplantbased05&filter_sub_category=tofuplantbased"
  },
  {
    "category":"tofu",
    "product_name":"CHILKAP Korean Rice Cake w\/Perilla Seed Powder-Cup 219 g",
    "price":4.99,
    "unit_price":"$0.64\/oz",
    "sales_count":null,
    "image_url":"https:\/\/img08.weeecdn.net\/product\/image\/104\/892\/1C4BA5373501A933.png!c560x560_q80.auto",
    "source_url":"https:\/\/www.sayweee.com\/en\/category\/tofuplantbased05\/Noodles-Wraps?page=1&offset=0&filters=%7B%22catalogue_num%22%3A%22tofuplantbased05%22%7D&trigger_type=taxonomy_tofuplantbased05&filter_sub_category=tofuplantbased"
  },
  {
    "category":"tofu",
    "product_name":"Havista Traditional Potato Starch Stripe 340 g",
    "price":4.79,
    "unit_price":"$0.39\/oz",
    "sales_count":null,
    "image_url":"https:\/\/img08.weeecdn.net\/item\/image\/385\/874\/8FAAACD6BA425F9.jpg!c560x560_q80.auto",
    "source_url":"https:\/\/www.sayweee.com\/en\/category\/tofuplantbased05\/Noodles-Wraps?page=1&offset=0&filters=%7B%22catalogue_num%22%3A%22tofuplantbased05%22%7D&trigger_type=taxonomy_tofuplantbased05&filter_sub_category=tofuplantbased"
  },
  {
    "category":"tofu",
    "product_name":"Wang Korea Fresh Noodles (Somen) 2.2 lb",
    "price":8.49,
    "unit_price":"$0.24\/oz",
    "sales_count":null,
    "image_url":"https:\/\/img08.weeecdn.net\/product\/image\/494\/155\/5BE04E8C7FADF8E2.png!c560x560_q80.auto",
    "source_url":"https:\/\/www.sayweee.com\/en\/category\/tofuplantbased05\/Noodles-Wraps?page=1&offset=0&filters=%7B%22catalogue_num%22%3A%22tofuplantbased05%22%7D&trigger_type=taxonomy_tofuplantbased05&filter_sub_category=tofuplantbased"
  },
  {
    "category":"tofu",
    "product_name":"Pulmuone Rice Cakes 22.9 oz",
    "price":5.99,
    "unit_price":"$0.26\/oz",
    "sales_count":null,
    "image_url":"https:\/\/img08.weeecdn.net\/product\/image\/759\/794\/583F820313C2A971.png!c560x560_q80.auto",
    "source_url":"https:\/\/www.sayweee.com\/en\/category\/tofuplantbased05\/Noodles-Wraps?page=1&offset=0&filters=%7B%22catalogue_num%22%3A%22tofuplantbased05%22%7D&trigger_type=taxonomy_tofuplantbased05&filter_sub_category=tofuplantbased"
  },
  {
    "category":"tofu",
    "product_name":"Black Dong Vermicelli - Specialty of Lao Cai 2lbs 908 g",
    "price":16.14,
    "unit_price":"$16.99",
    "sales_count":null,
    "image_url":"https:\/\/img08.weeecdn.net\/item\/image\/970\/097\/4D781D5B4C46DBB1.jpeg!c560x560_q80.auto",
    "source_url":"https:\/\/www.sayweee.com\/en\/category\/tofuplantbased05\/Noodles-Wraps?page=1&offset=0&filters=%7B%22catalogue_num%22%3A%22tofuplantbased05%22%7D&trigger_type=taxonomy_tofuplantbased05&filter_sub_category=tofuplantbased"
  },
  {
    "category":"tofu",
    "product_name":"Pulmuone Teriyaki Stir-fry Udon 16.2 oz",
    "price":9.29,
    "unit_price":"$0.57\/oz",
    "sales_count":null,
    "image_url":"https:\/\/img08.weeecdn.net\/product\/image\/497\/916\/433983EC9BF477F6.png!c560x560_q80.auto",
    "source_url":"https:\/\/www.sayweee.com\/en\/category\/tofuplantbased05\/Noodles-Wraps?page=1&offset=0&filters=%7B%22catalogue_num%22%3A%22tofuplantbased05%22%7D&trigger_type=taxonomy_tofuplantbased05&filter_sub_category=tofuplantbased"
  },
  {
    "category":"tofu",
    "product_name":"Feitian Wide Potato Noodle 280 g",
    "price":1.99,
    "unit_price":"$0.20\/oz",
    "sales_count":50.0,
    "image_url":"https:\/\/img08.weeecdn.net\/product\/image\/254\/485\/3676DB40A5FC0D6.png!c560x560_q80.auto",
    "source_url":"https:\/\/www.sayweee.com\/en\/category\/tofuplantbased05\/Noodles-Wraps?page=1&offset=0&filters=%7B%22catalogue_num%22%3A%22tofuplantbased05%22%7D&trigger_type=taxonomy_tofuplantbased05&filter_sub_category=tofuplantbased"
  },
  {
    "category":"tofu",
    "product_name":"Goya White Corn Arepa 15.8 oz",
    "price":3.79,
    "unit_price":"$0.23\/oz",
    "sales_count":null,
    "image_url":"https:\/\/img08.weeecdn.net\/product\/image\/342\/177\/64AF463AE3114778.jpeg!c560x560_q80.auto",
    "source_url":"https:\/\/www.sayweee.com\/en\/category\/tofuplantbased05\/Noodles-Wraps?page=1&offset=0&filters=%7B%22catalogue_num%22%3A%22tofuplantbased05%22%7D&trigger_type=taxonomy_tofuplantbased05&filter_sub_category=tofuplantbased"
  },
  {
    "category":"tofu",
    "product_name":"Dried Hoanh Thanh Wrappers 300g 1 each",
    "price":11.39,
    "unit_price":"$11.99",
    "sales_count":null,
    "image_url":"https:\/\/img08.weeecdn.net\/item\/image\/138\/441\/10E5F24D4B7A07D9.webp!c560x560_q80.auto",
    "source_url":"https:\/\/www.sayweee.com\/en\/category\/tofuplantbased05\/Noodles-Wraps?page=1&offset=0&filters=%7B%22catalogue_num%22%3A%22tofuplantbased05%22%7D&trigger_type=taxonomy_tofuplantbased05&filter_sub_category=tofuplantbased"
  },
  {
    "category":"tofu",
    "product_name":"Dried Coconut 50gr 50 g",
    "price":14.24,
    "unit_price":"$14.99",
    "sales_count":null,
    "image_url":"https:\/\/img08.weeecdn.net\/item\/image\/603\/873\/42B9F65E358540E9.png!c560x560_q80.auto",
    "source_url":"https:\/\/www.sayweee.com\/en\/category\/tofuplantbased05\/Noodles-Wraps?page=1&offset=0&filters=%7B%22catalogue_num%22%3A%22tofuplantbased05%22%7D&trigger_type=taxonomy_tofuplantbased05&filter_sub_category=tofuplantbased"
  },
  {
    "category":"tofu",
    "product_name":"BANH DA CUA Vifon Hoang Gia Brown Noodle with Crab 1 each",
    "price":2.08,
    "unit_price":"$2.19",
    "sales_count":null,
    "image_url":"https:\/\/img08.weeecdn.net\/item\/image\/975\/963\/3596731DD60D4728.jpeg!c560x560_q80.auto",
    "source_url":"https:\/\/www.sayweee.com\/en\/category\/tofuplantbased05\/Noodles-Wraps?page=1&offset=0&filters=%7B%22catalogue_num%22%3A%22tofuplantbased05%22%7D&trigger_type=taxonomy_tofuplantbased05&filter_sub_category=tofuplantbased"
  },
  {
    "category":"tofu",
    "product_name":"Acecook Thai Shrimp Hotpot Flavor Cup Noodle 65gr 1 each",
    "price":1.41,
    "unit_price":"$1.49",
    "sales_count":null,
    "image_url":"https:\/\/img08.weeecdn.net\/item\/image\/589\/686\/5D4DBCE377DC50B4.jpeg!c560x560_q80.auto",
    "source_url":"https:\/\/www.sayweee.com\/en\/category\/tofuplantbased05\/Noodles-Wraps?page=1&offset=0&filters=%7B%22catalogue_num%22%3A%22tofuplantbased05%22%7D&trigger_type=taxonomy_tofuplantbased05&filter_sub_category=tofuplantbased"
  },
  {
    "category":"tofu",
    "product_name":"Hotpot with Salmon OMACHI 117gr 117 g",
    "price":14.24,
    "unit_price":"$14.99",
    "sales_count":null,
    "image_url":"https:\/\/img08.weeecdn.net\/item\/image\/496\/266\/6116BF14CFEDF631.jpeg!c560x560_q80.auto",
    "source_url":"https:\/\/www.sayweee.com\/en\/category\/tofuplantbased05\/Noodles-Wraps?page=1&offset=0&filters=%7B%22catalogue_num%22%3A%22tofuplantbased05%22%7D&trigger_type=taxonomy_tofuplantbased05&filter_sub_category=tofuplantbased"
  },
  {
    "category":"tofu",
    "product_name":"Acecook Thai Shrimp Hotpot Noodle 65gr X 24 1 each",
    "price":37.89,
    "unit_price":"$39.89",
    "sales_count":null,
    "image_url":"https:\/\/img08.weeecdn.net\/item\/image\/160\/913\/40BCBEDA75E8AD75.png.jpeg!c560x560_q80.auto",
    "source_url":"https:\/\/www.sayweee.com\/en\/category\/tofuplantbased05\/Noodles-Wraps?page=1&offset=0&filters=%7B%22catalogue_num%22%3A%22tofuplantbased05%22%7D&trigger_type=taxonomy_tofuplantbased05&filter_sub_category=tofuplantbased"
  },
  {
    "category":"tofu",
    "product_name":"Dong Vermicelli - Specialty of DIEN BIEN 500GR 500 g",
    "price":20.89,
    "unit_price":"$21.99",
    "sales_count":null,
    "image_url":"https:\/\/img08.weeecdn.net\/item\/image\/564\/354\/48FA164D8AB928A3.jpeg!c560x560_q80.auto",
    "source_url":"https:\/\/www.sayweee.com\/en\/category\/tofuplantbased05\/Noodles-Wraps?page=1&offset=0&filters=%7B%22catalogue_num%22%3A%22tofuplantbased05%22%7D&trigger_type=taxonomy_tofuplantbased05&filter_sub_category=tofuplantbased"
  },
  {
    "category":"tofu",
    "product_name":"BROWN RICE VERMICELLI 100% NATURAL 2LBS 908 g",
    "price":12.34,
    "unit_price":"$12.99",
    "sales_count":null,
    "image_url":"https:\/\/img08.weeecdn.net\/item\/image\/377\/231\/5BA566FFC8C0DCB5.png.jpeg!c560x560_q80.auto",
    "source_url":"https:\/\/www.sayweee.com\/en\/category\/tofuplantbased05\/Noodles-Wraps?page=1&offset=0&filters=%7B%22catalogue_num%22%3A%22tofuplantbased05%22%7D&trigger_type=taxonomy_tofuplantbased05&filter_sub_category=tofuplantbased"
  },
  {
    "category":"tofu",
    "product_name":"Pulmuone Noodle Style Tofu (Spaghetti Style) 100 g",
    "price":6.49,
    "unit_price":"$1.83\/oz",
    "sales_count":null,
    "image_url":"https:\/\/img08.weeecdn.net\/product\/image\/434\/435\/F5748C92F72659A.png!c560x560_q80.auto",
    "source_url":"https:\/\/www.sayweee.com\/en\/category\/tofuplantbased05\/Noodles-Wraps?page=1&offset=0&filters=%7B%22catalogue_num%22%3A%22tofuplantbased05%22%7D&trigger_type=taxonomy_tofuplantbased05&filter_sub_category=tofuplantbased"
  },
  {
    "category":"tofu",
    "product_name":"Havista Shang Xi Pull Fresh Noodles 1100 g",
    "price":9.79,
    "unit_price":"$0.25\/oz",
    "sales_count":100.0,
    "image_url":"https:\/\/img08.weeecdn.net\/item\/image\/565\/173\/62D29C980DDD88A5.jpg!c560x560_q80.auto",
    "source_url":"https:\/\/www.sayweee.com\/en\/category\/tofuplantbased05\/Noodles-Wraps?page=1&offset=0&filters=%7B%22catalogue_num%22%3A%22tofuplantbased05%22%7D&trigger_type=taxonomy_tofuplantbased05&filter_sub_category=tofuplantbased"
  },
  {
    "category":"tofu",
    "product_name":"Marukome Hana Koji Miso 650 g",
    "price":6.49,
    "unit_price":"$0.28\/oz",
    "sales_count":null,
    "image_url":"https:\/\/img08.weeecdn.net\/product\/image\/758\/628\/717B7B6BEF9DB398.png!c560x560_q80.auto",
    "source_url":"https:\/\/www.sayweee.com\/en\/category\/tofuplantbased03\/Miso?page=1&offset=0&filters=%7B%22catalogue_num%22%3A%22tofuplantbased03%22%7D&trigger_type=taxonomy_tofuplantbased03&filter_sub_category=tofuplantbased"
  },
  {
    "category":"tofu",
    "product_name":"Hikari Organic Miso Paste, Mild Sodium 500 g",
    "price":9.99,
    "unit_price":"$10.99",
    "sales_count":null,
    "image_url":"https:\/\/img08.weeecdn.net\/product\/image\/650\/998\/6D161E2570F6299B.png!c560x560_q80.auto",
    "source_url":"https:\/\/www.sayweee.com\/en\/category\/tofuplantbased03\/Miso?page=1&offset=0&filters=%7B%22catalogue_num%22%3A%22tofuplantbased03%22%7D&trigger_type=taxonomy_tofuplantbased03&filter_sub_category=tofuplantbased"
  },
  {
    "category":"tofu",
    "product_name":"Hikari Miso Organic White Miso 500 g",
    "price":10.99,
    "unit_price":"$0.62\/oz",
    "sales_count":null,
    "image_url":"https:\/\/img08.weeecdn.net\/item\/image\/159\/018\/6D3D6684856A1720.jpg!c560x560_q80.auto",
    "source_url":"https:\/\/www.sayweee.com\/en\/category\/tofuplantbased03\/Miso?page=1&offset=0&filters=%7B%22catalogue_num%22%3A%22tofuplantbased03%22%7D&trigger_type=taxonomy_tofuplantbased03&filter_sub_category=tofuplantbased"
  },
  {
    "category":"tofu",
    "product_name":"Marukome Organic Miso Reduced Sodium 13.2 oz",
    "price":7.29,
    "unit_price":"$0.55\/oz",
    "sales_count":null,
    "image_url":"https:\/\/img08.weeecdn.net\/product\/image\/804\/681\/5325D1AF9658C41D.png!c560x560_q80.auto",
    "source_url":"https:\/\/www.sayweee.com\/en\/category\/tofuplantbased03\/Miso?page=1&offset=0&filters=%7B%22catalogue_num%22%3A%22tofuplantbased03%22%7D&trigger_type=taxonomy_tofuplantbased03&filter_sub_category=tofuplantbased"
  },
  {
    "category":"tofu",
    "product_name":"Hikari Organic Miso Red Cup 500 g",
    "price":10.99,
    "unit_price":"$0.62\/oz",
    "sales_count":50.0,
    "image_url":"https:\/\/img08.weeecdn.net\/product\/image\/908\/259\/306B2BA70362FF15.png!c560x560_q80.auto",
    "source_url":"https:\/\/www.sayweee.com\/en\/category\/tofuplantbased03\/Miso?page=1&offset=0&filters=%7B%22catalogue_num%22%3A%22tofuplantbased03%22%7D&trigger_type=taxonomy_tofuplantbased03&filter_sub_category=tofuplantbased"
  },
  {
    "category":"tofu",
    "product_name":"Miko Brand Dashi Miso with Bonito Extract 500 g",
    "price":6.99,
    "unit_price":"$0.39\/oz",
    "sales_count":null,
    "image_url":"https:\/\/img08.weeecdn.net\/product\/image\/621\/862\/5E7FB7B89224D92B.png!c560x560_q80.auto",
    "source_url":"https:\/\/www.sayweee.com\/en\/category\/tofuplantbased03\/Miso?page=1&offset=0&filters=%7B%22catalogue_num%22%3A%22tofuplantbased03%22%7D&trigger_type=taxonomy_tofuplantbased03&filter_sub_category=tofuplantbased"
  },
  {
    "category":"tofu",
    "product_name":"Hikari Organic Miso Bonito & Kelp 400 g",
    "price":10.99,
    "unit_price":"$0.77\/oz",
    "sales_count":null,
    "image_url":"https:\/\/img08.weeecdn.net\/product\/image\/042\/775\/7CAEABDBA17EBE1.png!c560x560_q80.auto",
    "source_url":"https:\/\/www.sayweee.com\/en\/category\/tofuplantbased03\/Miso?page=1&offset=0&filters=%7B%22catalogue_num%22%3A%22tofuplantbased03%22%7D&trigger_type=taxonomy_tofuplantbased03&filter_sub_category=tofuplantbased"
  },
  {
    "category":"tofu",
    "product_name":"Hikari Shio Koji (Japanese All Purpose Seasoning) 20.4 oz",
    "price":9.99,
    "unit_price":"$0.48\/oz",
    "sales_count":null,
    "image_url":"https:\/\/img08.weeecdn.net\/product\/image\/936\/364\/4C7091D1D3E20432.png!c560x560_q80.auto",
    "source_url":"https:\/\/www.sayweee.com\/en\/category\/tofuplantbased03\/Miso?page=1&offset=0&filters=%7B%22catalogue_num%22%3A%22tofuplantbased03%22%7D&trigger_type=taxonomy_tofuplantbased03&filter_sub_category=tofuplantbased"
  },
  {
    "category":"tofu",
    "product_name":"Marukome Boy Miso Paste Koshi 650 g",
    "price":6.99,
    "unit_price":"$0.30\/oz",
    "sales_count":null,
    "image_url":"https:\/\/img08.weeecdn.net\/product\/image\/050\/157\/39C75895D04A7D67.png!c560x560_q80.auto",
    "source_url":"https:\/\/www.sayweee.com\/en\/category\/tofuplantbased03\/Miso?page=1&offset=0&filters=%7B%22catalogue_num%22%3A%22tofuplantbased03%22%7D&trigger_type=taxonomy_tofuplantbased03&filter_sub_category=tofuplantbased"
  },
  {
    "category":"tofu",
    "product_name":"Marukome Boy Miso Paste Awase 650 g",
    "price":6.99,
    "unit_price":"$0.30\/oz",
    "sales_count":50.0,
    "image_url":"https:\/\/img08.weeecdn.net\/product\/image\/810\/518\/63976C9CA757CD40.png!c560x560_q80.auto",
    "source_url":"https:\/\/www.sayweee.com\/en\/category\/tofuplantbased03\/Miso?page=1&offset=0&filters=%7B%22catalogue_num%22%3A%22tofuplantbased03%22%7D&trigger_type=taxonomy_tofuplantbased03&filter_sub_category=tofuplantbased"
  },
  {
    "category":"tofu",
    "product_name":"Marukome Boy Miso Paste Koji 22.9 oz",
    "price":6.99,
    "unit_price":"$0.30\/oz",
    "sales_count":null,
    "image_url":"https:\/\/img08.weeecdn.net\/product\/image\/245\/574\/3D078217D9B6E091.png!c560x560_q80.auto",
    "source_url":"https:\/\/www.sayweee.com\/en\/category\/tofuplantbased03\/Miso?page=1&offset=0&filters=%7B%22catalogue_num%22%3A%22tofuplantbased03%22%7D&trigger_type=taxonomy_tofuplantbased03&filter_sub_category=tofuplantbased"
  },
  {
    "category":"tofu",
    "product_name":"Marukome Miso Ryotei 750 g",
    "price":9.99,
    "unit_price":"$0.37\/oz",
    "sales_count":100.0,
    "image_url":"https:\/\/img08.weeecdn.net\/product\/image\/181\/488\/6DA980D7CF847931.png!c560x560_q80.auto",
    "source_url":"https:\/\/www.sayweee.com\/en\/category\/tofuplantbased03\/Miso?page=1&offset=0&filters=%7B%22catalogue_num%22%3A%22tofuplantbased03%22%7D&trigger_type=taxonomy_tofuplantbased03&filter_sub_category=tofuplantbased"
  },
  {
    "category":"tofu",
    "product_name":"Marukome Miso Ryotei Low Sodium 750 g",
    "price":9.99,
    "unit_price":"$0.37\/oz",
    "sales_count":50.0,
    "image_url":"https:\/\/img08.weeecdn.net\/product\/image\/215\/352\/140A4984235ADD63.png!c560x560_q80.auto",
    "source_url":"https:\/\/www.sayweee.com\/en\/category\/tofuplantbased03\/Miso?page=1&offset=0&filters=%7B%22catalogue_num%22%3A%22tofuplantbased03%22%7D&trigger_type=taxonomy_tofuplantbased03&filter_sub_category=tofuplantbased"
  },
  {
    "category":"tofu",
    "product_name":"Hikari Organic Saikyo Sweet Miso 14.1 oz",
    "price":10.99,
    "unit_price":"$0.77\/oz",
    "sales_count":null,
    "image_url":"https:\/\/img08.weeecdn.net\/product\/image\/270\/776\/4C7DF9B5AD136D42.png!c560x560_q80.auto",
    "source_url":"https:\/\/www.sayweee.com\/en\/category\/tofuplantbased03\/Miso?page=1&offset=0&filters=%7B%22catalogue_num%22%3A%22tofuplantbased03%22%7D&trigger_type=taxonomy_tofuplantbased03&filter_sub_category=tofuplantbased"
  },
  {
    "category":"tofu",
    "product_name":"Miko Brand Mutenka Koji Miso Paste 26.5 oz",
    "price":9.99,
    "unit_price":"$0.37\/oz",
    "sales_count":200.0,
    "image_url":"https:\/\/img08.weeecdn.net\/product\/image\/828\/213\/43E83694B378CDBC.png!c560x560_q80.auto",
    "source_url":"https:\/\/www.sayweee.com\/en\/category\/tofuplantbased03\/Miso?page=1&offset=0&filters=%7B%22catalogue_num%22%3A%22tofuplantbased03%22%7D&trigger_type=taxonomy_tofuplantbased03&filter_sub_category=tofuplantbased"
  },
  {
    "category":"tofu",
    "product_name":"Miko Brand Mutenka Tomegamajikomi, Red Miso Cup 26.5 oz",
    "price":9.99,
    "unit_price":"$0.37\/oz",
    "sales_count":50.0,
    "image_url":"https:\/\/img08.weeecdn.net\/product\/image\/348\/612\/2360017F7C0A31A.png!c560x560_q80.auto",
    "source_url":"https:\/\/www.sayweee.com\/en\/category\/tofuplantbased03\/Miso?page=1&offset=0&filters=%7B%22catalogue_num%22%3A%22tofuplantbased03%22%7D&trigger_type=taxonomy_tofuplantbased03&filter_sub_category=tofuplantbased"
  },
  {
    "category":"tofu",
    "product_name":"Miko Brand Mutenka Kinugoshi, White Miso Cup 26.5 oz",
    "price":9.99,
    "unit_price":"$0.37\/oz",
    "sales_count":50.0,
    "image_url":"https:\/\/img08.weeecdn.net\/product\/image\/397\/858\/27087ADE6AE366B4.png!c560x560_q80.auto",
    "source_url":"https:\/\/www.sayweee.com\/en\/category\/tofuplantbased03\/Miso?page=1&offset=0&filters=%7B%22catalogue_num%22%3A%22tofuplantbased03%22%7D&trigger_type=taxonomy_tofuplantbased03&filter_sub_category=tofuplantbased"
  },
  {
    "category":"tofu",
    "product_name":"Shinshuichi Mutenka Genen Miso Soybean Paste 1.65 lb",
    "price":9.99,
    "unit_price":"$0.37\/oz",
    "sales_count":50.0,
    "image_url":"https:\/\/img08.weeecdn.net\/product\/image\/987\/798\/EE1685837A508F9.png!c560x560_q80.auto",
    "source_url":"https:\/\/www.sayweee.com\/en\/category\/tofuplantbased03\/Miso?page=1&offset=0&filters=%7B%22catalogue_num%22%3A%22tofuplantbased03%22%7D&trigger_type=taxonomy_tofuplantbased03&filter_sub_category=tofuplantbased"
  },
  {
    "category":"tofu",
    "product_name":"Nature's Soy Five Spice Flavored Tofu 283 g",
    "price":2.68,
    "unit_price":"$2.99",
    "sales_count":null,
    "image_url":"https:\/\/img08.weeecdn.net\/product\/image\/897\/670\/71A8E59E0C6DA81E.png!c560x560_q80.auto",
    "source_url":"https:\/\/www.sayweee.com\/en\/category\/tofuplantbased02\/Bean-Curd?page=1&offset=0&filters=%7B%22catalogue_num%22%3A%22tofuplantbased02%22%7D&trigger_type=taxonomy_tofuplantbased02&filter_sub_category=tofuplantbased"
  },
  {
    "category":"tofu",
    "product_name":"Water Lilies Brand Spiced Jumbo Thick Dry Tofu 21 oz",
    "price":4.99,
    "unit_price":"$0.23\/oz",
    "sales_count":null,
    "image_url":"https:\/\/img08.weeecdn.net\/product\/image\/747\/396\/4681045DA197506D.png!c560x560_q80.auto",
    "source_url":"https:\/\/www.sayweee.com\/en\/category\/tofuplantbased02\/Bean-Curd?page=1&offset=0&filters=%7B%22catalogue_num%22%3A%22tofuplantbased02%22%7D&trigger_type=taxonomy_tofuplantbased02&filter_sub_category=tofuplantbased"
  },
  {
    "category":"tofu",
    "product_name":"Chang Shing Five Spiced Tofu 12 oz",
    "price":3.29,
    "unit_price":"$0.27\/oz",
    "sales_count":100.0,
    "image_url":"https:\/\/img08.weeecdn.net\/product\/image\/074\/124\/64FC82E8EBE841E1.png!c560x560_q80.auto",
    "source_url":"https:\/\/www.sayweee.com\/en\/category\/tofuplantbased02\/Bean-Curd?page=1&offset=0&filters=%7B%22catalogue_num%22%3A%22tofuplantbased02%22%7D&trigger_type=taxonomy_tofuplantbased02&filter_sub_category=tofuplantbased"
  },
  {
    "category":"tofu",
    "product_name":"Zuming Soft Beancurd Snack 500 g",
    "price":4.99,
    "unit_price":"$5.29",
    "sales_count":null,
    "image_url":"https:\/\/img08.weeecdn.net\/product\/image\/341\/434\/36F1C96D89416F15.png!c560x560_q80.auto",
    "source_url":"https:\/\/www.sayweee.com\/en\/category\/tofuplantbased02\/Bean-Curd?page=1&offset=0&filters=%7B%22catalogue_num%22%3A%22tofuplantbased02%22%7D&trigger_type=taxonomy_tofuplantbased02&filter_sub_category=tofuplantbased"
  },
  {
    "category":"tofu",
    "product_name":"Nature Soy Extra Firm Tofu 10 oz",
    "price":2.49,
    "unit_price":"$0.24\/oz",
    "sales_count":null,
    "image_url":"https:\/\/img08.weeecdn.net\/item\/image\/630\/117\/694724B7ACD5C96.png!c560x560_q80.auto",
    "source_url":"https:\/\/www.sayweee.com\/en\/category\/tofuplantbased02\/Bean-Curd?page=1&offset=0&filters=%7B%22catalogue_num%22%3A%22tofuplantbased02%22%7D&trigger_type=taxonomy_tofuplantbased02&filter_sub_category=tofuplantbased"
  },
  {
    "category":"tofu",
    "product_name":"Chang Shing Pressed Tofu 12 oz",
    "price":2.49,
    "unit_price":"$0.20\/oz",
    "sales_count":50.0,
    "image_url":"https:\/\/img08.weeecdn.net\/product\/image\/232\/295\/412299694A95AB31.png!c560x560_q80.auto",
    "source_url":"https:\/\/www.sayweee.com\/en\/category\/tofuplantbased02\/Bean-Curd?page=1&offset=0&filters=%7B%22catalogue_num%22%3A%22tofuplantbased02%22%7D&trigger_type=taxonomy_tofuplantbased02&filter_sub_category=tofuplantbased"
  },
  {
    "category":"tofu",
    "product_name":"Imperial Taste Thick Dried Bean Curd 594 g",
    "price":5.29,
    "unit_price":"$0.25\/oz",
    "sales_count":200.0,
    "image_url":"https:\/\/img08.weeecdn.net\/product\/image\/381\/493\/42A5BB359A100186.png!c560x560_q80.auto",
    "source_url":"https:\/\/www.sayweee.com\/en\/category\/tofuplantbased02\/Bean-Curd?page=1&offset=0&filters=%7B%22catalogue_num%22%3A%22tofuplantbased02%22%7D&trigger_type=taxonomy_tofuplantbased02&filter_sub_category=tofuplantbased"
  },
  {
    "category":"tofu",
    "product_name":"Waterlilies Spiced Small Dry Tofu 8 oz",
    "price":2.99,
    "unit_price":"$0.37\/oz",
    "sales_count":100.0,
    "image_url":"https:\/\/img08.weeecdn.net\/product\/image\/018\/363\/27E706D0FFE587CE.png!c560x560_q80.auto",
    "source_url":"https:\/\/www.sayweee.com\/en\/category\/tofuplantbased02\/Bean-Curd?page=1&offset=0&filters=%7B%22catalogue_num%22%3A%22tofuplantbased02%22%7D&trigger_type=taxonomy_tofuplantbased02&filter_sub_category=tofuplantbased"
  },
  {
    "category":"tofu",
    "product_name":"Imperial Taste Smoked Bean Curd 13 oz",
    "price":3.99,
    "unit_price":"$0.30\/oz",
    "sales_count":50.0,
    "image_url":"https:\/\/img08.weeecdn.net\/product\/image\/312\/885\/4873020B73CAB7A2.png!c560x560_q80.auto",
    "source_url":"https:\/\/www.sayweee.com\/en\/category\/tofuplantbased02\/Bean-Curd?page=1&offset=0&filters=%7B%22catalogue_num%22%3A%22tofuplantbased02%22%7D&trigger_type=taxonomy_tofuplantbased02&filter_sub_category=tofuplantbased"
  },
  {
    "category":"tofu",
    "product_name":"Fried Bean Curd 8 oz",
    "price":4.29,
    "unit_price":"$0.53\/oz",
    "sales_count":null,
    "image_url":"https:\/\/img08.weeecdn.net\/product\/image\/711\/802\/25C52B35EE0CBBF1.png!c560x560_q80.auto",
    "source_url":"https:\/\/www.sayweee.com\/en\/category\/tofuplantbased02\/Bean-Curd?page=1&offset=0&filters=%7B%22catalogue_num%22%3A%22tofuplantbased02%22%7D&trigger_type=taxonomy_tofuplantbased02&filter_sub_category=tofuplantbased"
  },
  {
    "category":"tofu",
    "product_name":"Zuming Tea Flavored Beancurd 180 g",
    "price":3.29,
    "unit_price":"$0.51\/oz",
    "sales_count":300.0,
    "image_url":"https:\/\/img08.weeecdn.net\/product\/image\/019\/558\/47B22BD6E8642D66.png!c560x560_q80.auto",
    "source_url":"https:\/\/www.sayweee.com\/en\/category\/tofuplantbased02\/Bean-Curd?page=1&offset=0&filters=%7B%22catalogue_num%22%3A%22tofuplantbased02%22%7D&trigger_type=taxonomy_tofuplantbased02&filter_sub_category=tofuplantbased"
  },
  {
    "category":"tofu",
    "product_name":"Imperial Taste Fried Bean Curd 8 oz",
    "price":4.29,
    "unit_price":"$0.53\/oz",
    "sales_count":50.0,
    "image_url":"https:\/\/img08.weeecdn.net\/product\/image\/650\/175\/3B77D730F6526073.png!c560x560_q80.auto",
    "source_url":"https:\/\/www.sayweee.com\/en\/category\/tofuplantbased02\/Bean-Curd?page=1&offset=0&filters=%7B%22catalogue_num%22%3A%22tofuplantbased02%22%7D&trigger_type=taxonomy_tofuplantbased02&filter_sub_category=tofuplantbased"
  },
  {
    "category":"tofu",
    "product_name":"Imperial Taste Dried Beancurd Skin Roll 4 oz",
    "price":4.79,
    "unit_price":"$1.19\/oz",
    "sales_count":null,
    "image_url":"https:\/\/img08.weeecdn.net\/product\/image\/044\/490\/3CF42A9AC49CF5A0.png!c560x560_q80.auto",
    "source_url":"https:\/\/www.sayweee.com\/en\/category\/tofuplantbased02\/Bean-Curd?page=1&offset=0&filters=%7B%22catalogue_num%22%3A%22tofuplantbased02%22%7D&trigger_type=taxonomy_tofuplantbased02&filter_sub_category=tofuplantbased"
  },
  {
    "category":"tofu",
    "product_name":"Zuming Dried Bean Cake 500 g",
    "price":6.99,
    "unit_price":"$0.39\/oz",
    "sales_count":300.0,
    "image_url":"https:\/\/img08.weeecdn.net\/product\/image\/894\/519\/6D8EF61E8E741A88.png!c560x560_q80.auto",
    "source_url":"https:\/\/www.sayweee.com\/en\/category\/tofuplantbased02\/Bean-Curd?page=1&offset=0&filters=%7B%22catalogue_num%22%3A%22tofuplantbased02%22%7D&trigger_type=taxonomy_tofuplantbased02&filter_sub_category=tofuplantbased"
  },
  {
    "category":"tofu",
    "product_name":"Nature's Soy Soy Sauce Stew Tofu Snacks 8 oz",
    "price":4.49,
    "unit_price":"$0.56\/oz",
    "sales_count":null,
    "image_url":"https:\/\/img08.weeecdn.net\/item\/image\/759\/048\/4801B20675F3728A.jpg!c560x560_q80.auto",
    "source_url":"https:\/\/www.sayweee.com\/en\/category\/tofuplantbased02\/Bean-Curd?page=1&offset=0&filters=%7B%22catalogue_num%22%3A%22tofuplantbased02%22%7D&trigger_type=taxonomy_tofuplantbased02&filter_sub_category=tofuplantbased"
  },
  {
    "category":"tofu",
    "product_name":"Imperial Taste Spiced Tender Bean Curd 226 g",
    "price":3.29,
    "unit_price":"$0.41\/oz",
    "sales_count":null,
    "image_url":"https:\/\/img08.weeecdn.net\/product\/image\/389\/538\/1CCC96974297A42B.png!c560x560_q80.auto",
    "source_url":"https:\/\/www.sayweee.com\/en\/category\/tofuplantbased02\/Bean-Curd?page=1&offset=0&filters=%7B%22catalogue_num%22%3A%22tofuplantbased02%22%7D&trigger_type=taxonomy_tofuplantbased02&filter_sub_category=tofuplantbased"
  },
  {
    "category":"tofu",
    "product_name":"Hodo Organic Extra Firm Tofu 10 oz",
    "price":5.79,
    "unit_price":"$0.57\/oz",
    "sales_count":200.0,
    "image_url":"https:\/\/img08.weeecdn.net\/product\/image\/013\/305\/58ECB2E7DADF52D7.png!c560x560_q80.auto",
    "source_url":"https:\/\/www.sayweee.com\/en\/category\/tofuplantbased02\/Bean-Curd?page=1&offset=0&filters=%7B%22catalogue_num%22%3A%22tofuplantbased02%22%7D&trigger_type=taxonomy_tofuplantbased02&filter_sub_category=tofuplantbased"
  },
  {
    "category":"tofu",
    "product_name":"Shredded White Tofu 8 oz",
    "price":3.79,
    "unit_price":"$0.47\/oz",
    "sales_count":300.0,
    "image_url":"https:\/\/img08.weeecdn.net\/item\/image\/333\/386\/902EF256CE372C4.png!c560x560_q80.auto",
    "source_url":"https:\/\/www.sayweee.com\/en\/category\/tofuplantbased02\/Bean-Curd?page=1&offset=0&filters=%7B%22catalogue_num%22%3A%22tofuplantbased02%22%7D&trigger_type=taxonomy_tofuplantbased02&filter_sub_category=tofuplantbased"
  },
  {
    "category":"tofu",
    "product_name":"PMO Roll-Style Fried Tofu Pouch 9.36 oz",
    "price":7.99,
    "unit_price":"$8.49",
    "sales_count":200.0,
    "image_url":"https:\/\/img08.weeecdn.net\/product\/image\/205\/818\/19DE78AD8A48B6E6.png!c560x560_q80.auto",
    "source_url":"https:\/\/www.sayweee.com\/en\/category\/tofuplantbased02\/Bean-Curd?page=1&offset=0&filters=%7B%22catalogue_num%22%3A%22tofuplantbased02%22%7D&trigger_type=taxonomy_tofuplantbased02&filter_sub_category=tofuplantbased"
  },
  {
    "category":"tofu",
    "product_name":"PULMUONE Big Square Tofu Pouches 13 oz",
    "price":7.99,
    "unit_price":"$0.61\/oz",
    "sales_count":50.0,
    "image_url":"https:\/\/img08.weeecdn.net\/product\/image\/581\/732\/282A049760C207F4.png!c560x560_q80.auto",
    "source_url":"https:\/\/www.sayweee.com\/en\/category\/tofuplantbased02\/Bean-Curd?page=1&offset=0&filters=%7B%22catalogue_num%22%3A%22tofuplantbased02%22%7D&trigger_type=taxonomy_tofuplantbased02&filter_sub_category=tofuplantbased"
  },
  {
    "category":"tofu",
    "product_name":"House Tofu Firm 14 oz",
    "price":1.99,
    "unit_price":"$0.14\/oz",
    "sales_count":null,
    "image_url":"https:\/\/img08.weeecdn.net\/product\/image\/410\/806\/66971411302E8347.png!c560x560_q80.auto",
    "source_url":"https:\/\/www.sayweee.com\/en\/category\/tofuplantbased01\/Tofu?page=1&offset=0&filters=%7B%22catalogue_num%22%3A%22tofuplantbased01%22%7D&trigger_type=taxonomy_tofuplantbased01&filter_sub_category=tofuplantbased"
  },
  {
    "category":"tofu",
    "product_name":"Sansui Silken Tofu 454 g",
    "price":1.99,
    "unit_price":"$0.12\/oz",
    "sales_count":null,
    "image_url":"https:\/\/img08.weeecdn.net\/product\/image\/684\/188\/188D06C8D5C22BD6.png!c560x560_q80.auto",
    "source_url":"https:\/\/www.sayweee.com\/en\/category\/tofuplantbased01\/Tofu?page=1&offset=0&filters=%7B%22catalogue_num%22%3A%22tofuplantbased01%22%7D&trigger_type=taxonomy_tofuplantbased01&filter_sub_category=tofuplantbased"
  },
  {
    "category":"tofu",
    "product_name":"House Foods Tofu Soft 14 oz",
    "price":1.99,
    "unit_price":"$0.14\/oz",
    "sales_count":null,
    "image_url":"https:\/\/img08.weeecdn.net\/product\/image\/294\/972\/228F0CF24484E5D.png!c560x560_q80.auto",
    "source_url":"https:\/\/www.sayweee.com\/en\/category\/tofuplantbased01\/Tofu?page=1&offset=0&filters=%7B%22catalogue_num%22%3A%22tofuplantbased01%22%7D&trigger_type=taxonomy_tofuplantbased01&filter_sub_category=tofuplantbased"
  },
  {
    "category":"tofu",
    "product_name":"House Foods Tofu Medium Firm 14 oz",
    "price":1.99,
    "unit_price":"$0.14\/oz",
    "sales_count":null,
    "image_url":"https:\/\/img08.weeecdn.net\/product\/image\/123\/665\/407C535485ADC280.png!c560x560_q80.auto",
    "source_url":"https:\/\/www.sayweee.com\/en\/category\/tofuplantbased01\/Tofu?page=1&offset=0&filters=%7B%22catalogue_num%22%3A%22tofuplantbased01%22%7D&trigger_type=taxonomy_tofuplantbased01&filter_sub_category=tofuplantbased"
  },
  {
    "category":"tofu",
    "product_name":"Mandarin Soyfoods Japanese Egg Tofu 245 g",
    "price":2.99,
    "unit_price":"$0.34\/oz",
    "sales_count":null,
    "image_url":"https:\/\/img08.weeecdn.net\/product\/image\/142\/795\/6ABC1F1053DA2853.png!c560x560_q80.auto",
    "source_url":"https:\/\/www.sayweee.com\/en\/category\/tofuplantbased01\/Tofu?page=1&offset=0&filters=%7B%22catalogue_num%22%3A%22tofuplantbased01%22%7D&trigger_type=taxonomy_tofuplantbased01&filter_sub_category=tofuplantbased"
  },
  {
    "category":"tofu",
    "product_name":"Deep Raw Paneer 340 g",
    "price":5.79,
    "unit_price":"$0.48\/oz",
    "sales_count":1.0,
    "image_url":"https:\/\/img08.weeecdn.net\/product\/image\/422\/855\/18214C8B70C0E622.png!c560x560_q80.auto",
    "source_url":"https:\/\/www.sayweee.com\/en\/category\/tofuplantbased01\/Tofu?page=1&offset=0&filters=%7B%22catalogue_num%22%3A%22tofuplantbased01%22%7D&trigger_type=taxonomy_tofuplantbased01&filter_sub_category=tofuplantbased"
  },
  {
    "category":"tofu",
    "product_name":"House Foods Tofu Extra Firm 12 oz",
    "price":1.99,
    "unit_price":"$0.16\/oz",
    "sales_count":1.0,
    "image_url":"https:\/\/img08.weeecdn.net\/product\/image\/300\/365\/4E12CC1761AFC86A.png!c560x560_q80.auto",
    "source_url":"https:\/\/www.sayweee.com\/en\/category\/tofuplantbased01\/Tofu?page=1&offset=0&filters=%7B%22catalogue_num%22%3A%22tofuplantbased01%22%7D&trigger_type=taxonomy_tofuplantbased01&filter_sub_category=tofuplantbased"
  },
  {
    "category":"tofu",
    "product_name":"Pulmuone All Natural Soon Tofu Tube, Extra Soft 11 oz",
    "price":2.29,
    "unit_price":"$2.49",
    "sales_count":1.0,
    "image_url":"https:\/\/img08.weeecdn.net\/product\/image\/448\/920\/1A5A96DD3948BEE5.png!c560x560_q80.auto",
    "source_url":"https:\/\/www.sayweee.com\/en\/category\/tofuplantbased01\/Tofu?page=1&offset=0&filters=%7B%22catalogue_num%22%3A%22tofuplantbased01%22%7D&trigger_type=taxonomy_tofuplantbased01&filter_sub_category=tofuplantbased"
  },
  {
    "category":"tofu",
    "product_name":"Pulmuone Soft Tofu 454 g",
    "price":2.29,
    "unit_price":"$0.14\/oz",
    "sales_count":1.0,
    "image_url":"https:\/\/img08.weeecdn.net\/product\/image\/635\/656\/545C51CCCD260BB9.png!c560x560_q80.auto",
    "source_url":"https:\/\/www.sayweee.com\/en\/category\/tofuplantbased01\/Tofu?page=1&offset=0&filters=%7B%22catalogue_num%22%3A%22tofuplantbased01%22%7D&trigger_type=taxonomy_tofuplantbased01&filter_sub_category=tofuplantbased"
  },
  {
    "category":"tofu",
    "product_name":"Hodo Organic Yuba Sheets 5 oz",
    "price":8.99,
    "unit_price":"$1.79\/oz",
    "sales_count":100.0,
    "image_url":"https:\/\/img08.weeecdn.net\/product\/image\/493\/975\/4BBE27BE15057623.png!c560x560_q80.auto",
    "source_url":"https:\/\/www.sayweee.com\/en\/category\/tofuplantbased01\/Tofu?page=1&offset=0&filters=%7B%22catalogue_num%22%3A%22tofuplantbased01%22%7D&trigger_type=taxonomy_tofuplantbased01&filter_sub_category=tofuplantbased"
  },
  {
    "category":"tofu",
    "product_name":"Nature's Soy Firm Tofu 16 oz",
    "price":2.29,
    "unit_price":"$0.14\/oz",
    "sales_count":1.0,
    "image_url":"https:\/\/img08.weeecdn.net\/product\/image\/256\/192\/626B26C9CCED527E.png!c560x560_q80.auto",
    "source_url":"https:\/\/www.sayweee.com\/en\/category\/tofuplantbased01\/Tofu?page=1&offset=0&filters=%7B%22catalogue_num%22%3A%22tofuplantbased01%22%7D&trigger_type=taxonomy_tofuplantbased01&filter_sub_category=tofuplantbased"
  },
  {
    "category":"tofu",
    "product_name":"Nature's Soy Silken Tofu 17 oz",
    "price":2.29,
    "unit_price":"$0.13\/oz",
    "sales_count":1.0,
    "image_url":"https:\/\/img08.weeecdn.net\/product\/image\/735\/942\/12ECCAB327716A18.png!c560x560_q80.auto",
    "source_url":"https:\/\/www.sayweee.com\/en\/category\/tofuplantbased01\/Tofu?page=1&offset=0&filters=%7B%22catalogue_num%22%3A%22tofuplantbased01%22%7D&trigger_type=taxonomy_tofuplantbased01&filter_sub_category=tofuplantbased"
  },
  {
    "category":"tofu",
    "product_name":"Pulmuone Tofu Firm 16 oz",
    "price":2.49,
    "unit_price":"$0.15\/oz",
    "sales_count":1.0,
    "image_url":"https:\/\/img08.weeecdn.net\/product\/image\/811\/870\/6D874564FE3814B4.png!c560x560_q80.auto",
    "source_url":"https:\/\/www.sayweee.com\/en\/category\/tofuplantbased01\/Tofu?page=1&offset=0&filters=%7B%22catalogue_num%22%3A%22tofuplantbased01%22%7D&trigger_type=taxonomy_tofuplantbased01&filter_sub_category=tofuplantbased"
  },
  {
    "category":"tofu",
    "product_name":"Pulmuone Organic Soon Tofu Tube Extra Soft 10.5 oz",
    "price":2.29,
    "unit_price":"$2.49",
    "sales_count":1.0,
    "image_url":"https:\/\/img08.weeecdn.net\/item\/image\/598\/638\/684D6808DA844EE1.jpg!c560x560_q80.auto",
    "source_url":"https:\/\/www.sayweee.com\/en\/category\/tofuplantbased01\/Tofu?page=1&offset=0&filters=%7B%22catalogue_num%22%3A%22tofuplantbased01%22%7D&trigger_type=taxonomy_tofuplantbased01&filter_sub_category=tofuplantbased"
  },
  {
    "category":"tofu",
    "product_name":"Sansui Firm Tofu 454 g",
    "price":1.99,
    "unit_price":"$0.12\/oz",
    "sales_count":null,
    "image_url":"https:\/\/img08.weeecdn.net\/product\/image\/366\/014\/128221E21E1C13BC.png!c560x560_q80.auto",
    "source_url":"https:\/\/www.sayweee.com\/en\/category\/tofuplantbased01\/Tofu?page=1&offset=0&filters=%7B%22catalogue_num%22%3A%22tofuplantbased01%22%7D&trigger_type=taxonomy_tofuplantbased01&filter_sub_category=tofuplantbased"
  },
  {
    "category":"tofu",
    "product_name":"Sansui Twin Pack Silken Tofu 18 oz",
    "price":2.49,
    "unit_price":"$2.79",
    "sales_count":1.0,
    "image_url":"https:\/\/img08.weeecdn.net\/product\/image\/174\/782\/303DDEA37207ED3C.png!c560x560_q80.auto",
    "source_url":"https:\/\/www.sayweee.com\/en\/category\/tofuplantbased01\/Tofu?page=1&offset=0&filters=%7B%22catalogue_num%22%3A%22tofuplantbased01%22%7D&trigger_type=taxonomy_tofuplantbased01&filter_sub_category=tofuplantbased"
  },
  {
    "category":"tofu",
    "product_name":"Asian Choice Soybean Roll 168 g",
    "price":5.99,
    "unit_price":"$1.01\/oz",
    "sales_count":null,
    "image_url":"https:\/\/img08.weeecdn.net\/item\/image\/347\/335\/173834F4BC8C3D3.jpg!c560x560_q80.auto",
    "source_url":"https:\/\/www.sayweee.com\/en\/category\/tofuplantbased01\/Tofu?page=1&offset=0&filters=%7B%22catalogue_num%22%3A%22tofuplantbased01%22%7D&trigger_type=taxonomy_tofuplantbased01&filter_sub_category=tofuplantbased"
  },
  {
    "category":"tofu",
    "product_name":"Pulmuone Square Fried Tofu Pouches 11.6 oz",
    "price":7.79,
    "unit_price":"$8.99",
    "sales_count":600.0,
    "image_url":"https:\/\/img08.weeecdn.net\/product\/image\/871\/659\/A32BDF4E4B92F45.png!c560x560_q80.auto",
    "source_url":"https:\/\/www.sayweee.com\/en\/category\/tofuplantbased01\/Tofu?page=1&offset=0&filters=%7B%22catalogue_num%22%3A%22tofuplantbased01%22%7D&trigger_type=taxonomy_tofuplantbased01&filter_sub_category=tofuplantbased"
  },
  {
    "category":"tofu",
    "product_name":"Nature's Soy Fried Tofu 9 oz",
    "price":3.29,
    "unit_price":"$0.36\/oz",
    "sales_count":500.0,
    "image_url":"https:\/\/img08.weeecdn.net\/product\/image\/152\/275\/E5198F9BF87921.png!c560x560_q80.auto",
    "source_url":"https:\/\/www.sayweee.com\/en\/category\/tofuplantbased01\/Tofu?page=1&offset=0&filters=%7B%22catalogue_num%22%3A%22tofuplantbased01%22%7D&trigger_type=taxonomy_tofuplantbased01&filter_sub_category=tofuplantbased"
  },
  {
    "category":"tofu",
    "product_name":"Sunrise Almond Tofu Dessert 2ct 10.6 oz",
    "price":1.99,
    "unit_price":"$0.18\/oz",
    "sales_count":700.0,
    "image_url":"https:\/\/img08.weeecdn.net\/product\/image\/798\/724\/46692CF87630E142.png!c560x560_q80.auto",
    "source_url":"https:\/\/www.sayweee.com\/en\/category\/tofuplantbased01\/Tofu?page=1&offset=0&filters=%7B%22catalogue_num%22%3A%22tofuplantbased01%22%7D&trigger_type=taxonomy_tofuplantbased01&filter_sub_category=tofuplantbased"
  },
  {
    "category":"tofu",
    "product_name":"Deep Raw Paneer 1133 g",
    "price":16.99,
    "unit_price":"$0.42\/oz",
    "sales_count":200.0,
    "image_url":"https:\/\/img08.weeecdn.net\/product\/image\/196\/164\/757B1A6B199CC892.png!c560x560_q80.auto",
    "source_url":"https:\/\/www.sayweee.com\/en\/category\/tofuplantbased01\/Tofu?page=1&offset=0&filters=%7B%22catalogue_num%22%3A%22tofuplantbased01%22%7D&trigger_type=taxonomy_tofuplantbased01&filter_sub_category=tofuplantbased"
  },
  {
    "category":"tofu",
    "product_name":"House Foods Tofu Soft 19 oz",
    "price":2.29,
    "unit_price":"$0.12\/oz",
    "sales_count":600.0,
    "image_url":"https:\/\/img08.weeecdn.net\/product\/image\/877\/270\/70C00474B48CCF78.png!c560x560_q80.auto",
    "source_url":"https:\/\/www.sayweee.com\/en\/category\/tofuplantbased01\/Tofu?page=1&offset=0&filters=%7B%22catalogue_num%22%3A%22tofuplantbased01%22%7D&trigger_type=taxonomy_tofuplantbased01&filter_sub_category=tofuplantbased"
  },
  {
    "category":"tofu",
    "product_name":"Sansui Soft Tofu 454 g",
    "price":1.99,
    "unit_price":"$0.12\/oz",
    "sales_count":300.0,
    "image_url":"https:\/\/img08.weeecdn.net\/product\/image\/453\/257\/523C6B3E27FE5B1B.png!c560x560_q80.auto",
    "source_url":"https:\/\/www.sayweee.com\/en\/category\/tofuplantbased01\/Tofu?page=1&offset=0&filters=%7B%22catalogue_num%22%3A%22tofuplantbased01%22%7D&trigger_type=taxonomy_tofuplantbased01&filter_sub_category=tofuplantbased"
  },
  {
    "category":"tofu",
    "product_name":"Nature's Soy Fried Beancurd Sheet 100 g",
    "price":3.99,
    "unit_price":"$1.13\/oz",
    "sales_count":400.0,
    "image_url":"https:\/\/img08.weeecdn.net\/item\/image\/835\/830\/11F8EBE09F641EC5.jpg!c560x560_q80.auto",
    "source_url":"https:\/\/www.sayweee.com\/en\/category\/tofuplantbased01\/Tofu?page=1&offset=0&filters=%7B%22catalogue_num%22%3A%22tofuplantbased01%22%7D&trigger_type=taxonomy_tofuplantbased01&filter_sub_category=tofuplantbased"
  },
  {
    "category":"tofu",
    "product_name":"Chang Shing Fried Tofu Triangles 14 oz",
    "price":3.99,
    "unit_price":"$0.28\/oz",
    "sales_count":200.0,
    "image_url":"https:\/\/img08.weeecdn.net\/product\/image\/208\/671\/5B783F957EA40983.png!c560x560_q80.auto",
    "source_url":"https:\/\/www.sayweee.com\/en\/category\/tofuplantbased01\/Tofu?page=1&offset=0&filters=%7B%22catalogue_num%22%3A%22tofuplantbased01%22%7D&trigger_type=taxonomy_tofuplantbased01&filter_sub_category=tofuplantbased"
  },
  {
    "category":"tofu",
    "product_name":"Superior Natural Organic Silken Tofu 16 oz",
    "price":2.49,
    "unit_price":"$0.15\/oz",
    "sales_count":500.0,
    "image_url":"https:\/\/img08.weeecdn.net\/product\/image\/980\/759\/365DBF06DD08FA41.png!c560x560_q80.auto",
    "source_url":"https:\/\/www.sayweee.com\/en\/category\/tofuplantbased01\/Tofu?page=1&offset=0&filters=%7B%22catalogue_num%22%3A%22tofuplantbased01%22%7D&trigger_type=taxonomy_tofuplantbased01&filter_sub_category=tofuplantbased"
  },
  {
    "category":"tofu",
    "product_name":"Nature Soy Extra Silken Tofu 17 oz",
    "price":2.29,
    "unit_price":"$0.13\/oz",
    "sales_count":700.0,
    "image_url":"https:\/\/img08.weeecdn.net\/product\/image\/283\/550\/4F4840D6CDAC69F4.png!c560x560_q80.auto",
    "source_url":"https:\/\/www.sayweee.com\/en\/category\/tofuplantbased01\/Tofu?page=1&offset=0&filters=%7B%22catalogue_num%22%3A%22tofuplantbased01%22%7D&trigger_type=taxonomy_tofuplantbased01&filter_sub_category=tofuplantbased"
  },
  {
    "category":"tofu",
    "product_name":"Kanglu Egg Tofu 7.82 oz",
    "price":2.99,
    "unit_price":"$0.38\/oz",
    "sales_count":100.0,
    "image_url":"https:\/\/img08.weeecdn.net\/item\/image\/267\/313\/4A8CC7D3F7265F4E.png!c560x560_q80.auto",
    "source_url":"https:\/\/www.sayweee.com\/en\/category\/tofuplantbased01\/Tofu?page=1&offset=0&filters=%7B%22catalogue_num%22%3A%22tofuplantbased01%22%7D&trigger_type=taxonomy_tofuplantbased01&filter_sub_category=tofuplantbased"
  },
  {
    "category":"tofu",
    "product_name":"House Organic Tofu Cutlet 6.5 oz",
    "price":3.29,
    "unit_price":"$3.49",
    "sales_count":400.0,
    "image_url":"https:\/\/img08.weeecdn.net\/item\/image\/557\/895\/501BF3B2AF354E65.jpg!c560x560_q80.auto",
    "source_url":"https:\/\/www.sayweee.com\/en\/category\/tofuplantbased01\/Tofu?page=1&offset=0&filters=%7B%22catalogue_num%22%3A%22tofuplantbased01%22%7D&trigger_type=taxonomy_tofuplantbased01&filter_sub_category=tofuplantbased"
  },
  {
    "category":"tofu",
    "product_name":"Sunrise Coconut Tofu Dessert 10.6 oz",
    "price":1.99,
    "unit_price":"$0.18\/oz",
    "sales_count":300.0,
    "image_url":"https:\/\/img08.weeecdn.net\/item\/image\/480\/761\/1CAA416AAA251D8C.jpg!c560x560_q80.auto",
    "source_url":"https:\/\/www.sayweee.com\/en\/category\/tofuplantbased01\/Tofu?page=1&offset=0&filters=%7B%22catalogue_num%22%3A%22tofuplantbased01%22%7D&trigger_type=taxonomy_tofuplantbased01&filter_sub_category=tofuplantbased"
  },
  {
    "category":"tofu",
    "product_name":"Sunrise Peach Mango Tofu Dessert 10.6 oz",
    "price":1.99,
    "unit_price":"$0.18\/oz",
    "sales_count":100.0,
    "image_url":"https:\/\/img08.weeecdn.net\/item\/image\/711\/483\/6527AE97FF365E10.jpg!c560x560_q80.auto",
    "source_url":"https:\/\/www.sayweee.com\/en\/category\/tofuplantbased01\/Tofu?page=1&offset=0&filters=%7B%22catalogue_num%22%3A%22tofuplantbased01%22%7D&trigger_type=taxonomy_tofuplantbased01&filter_sub_category=tofuplantbased"
  },
  {
    "category":"tofu",
    "product_name":"Pulmuone Organic Tofu Firm 14 oz",
    "price":2.99,
    "unit_price":"$0.21\/oz",
    "sales_count":400.0,
    "image_url":"https:\/\/img08.weeecdn.net\/product\/image\/952\/786\/69DDCD85908E9B2F.png!c560x560_q80.auto",
    "source_url":"https:\/\/www.sayweee.com\/en\/category\/tofuplantbased01\/Tofu?page=1&offset=0&filters=%7B%22catalogue_num%22%3A%22tofuplantbased01%22%7D&trigger_type=taxonomy_tofuplantbased01&filter_sub_category=tofuplantbased"
  },
  {
    "category":"tofu",
    "product_name":"Superior Natural Organic Firm Tofu 16 oz",
    "price":2.49,
    "unit_price":"$0.15\/oz",
    "sales_count":400.0,
    "image_url":"https:\/\/img08.weeecdn.net\/product\/image\/756\/820\/636FBAED5CDA4D5A.png!c560x560_q80.auto",
    "source_url":"https:\/\/www.sayweee.com\/en\/category\/tofuplantbased01\/Tofu?page=1&offset=0&filters=%7B%22catalogue_num%22%3A%22tofuplantbased01%22%7D&trigger_type=taxonomy_tofuplantbased01&filter_sub_category=tofuplantbased"
  },
  {
    "category":"tofu",
    "product_name":"Jayone All Natural Soon Tofu, Extra Soft 13.5 oz",
    "price":1.79,
    "unit_price":"$0.13\/oz",
    "sales_count":400.0,
    "image_url":"https:\/\/img08.weeecdn.net\/product\/image\/135\/473\/1B911AE6769DB809.png!c560x560_q80.auto",
    "source_url":"https:\/\/www.sayweee.com\/en\/category\/tofuplantbased01\/Tofu?page=1&offset=0&filters=%7B%22catalogue_num%22%3A%22tofuplantbased01%22%7D&trigger_type=taxonomy_tofuplantbased01&filter_sub_category=tofuplantbased"
  },
  {
    "category":"tofu",
    "product_name":"Nature's Soy Mapo Tofu (Mild) 16.8 oz",
    "price":4.99,
    "unit_price":"$0.29\/oz",
    "sales_count":100.0,
    "image_url":"https:\/\/img08.weeecdn.net\/product\/image\/121\/616\/405E68672B28BF87.png!c560x560_q80.auto",
    "source_url":"https:\/\/www.sayweee.com\/en\/category\/tofuplantbased01\/Tofu?page=1&offset=0&filters=%7B%22catalogue_num%22%3A%22tofuplantbased01%22%7D&trigger_type=taxonomy_tofuplantbased01&filter_sub_category=tofuplantbased"
  },
  {
    "category":"tofu",
    "product_name":"Nature's Soy Mapo Tofu (Hot) 16.8 oz",
    "price":4.99,
    "unit_price":"$0.29\/oz",
    "sales_count":50.0,
    "image_url":"https:\/\/img08.weeecdn.net\/product\/image\/835\/686\/4A1838C7E47AE71B.png!c560x560_q80.auto",
    "source_url":"https:\/\/www.sayweee.com\/en\/category\/tofuplantbased01\/Tofu?page=1&offset=0&filters=%7B%22catalogue_num%22%3A%22tofuplantbased01%22%7D&trigger_type=taxonomy_tofuplantbased01&filter_sub_category=tofuplantbased"
  },
  {
    "category":"tofu",
    "product_name":"House Organic Tofu Medium Firm 396 g",
    "price":2.99,
    "unit_price":"$3.29",
    "sales_count":600.0,
    "image_url":"https:\/\/img08.weeecdn.net\/item\/image\/043\/963\/354A6DD2D5860BAC.jpg!c560x560_q80.auto",
    "source_url":"https:\/\/www.sayweee.com\/en\/category\/tofuplantbased01\/Tofu?page=1&offset=0&filters=%7B%22catalogue_num%22%3A%22tofuplantbased01%22%7D&trigger_type=taxonomy_tofuplantbased01&filter_sub_category=tofuplantbased"
  },
  {
    "category":"tofu",
    "product_name":"Pulmuone Organic Two Pack Tofu Soft 15.5 oz",
    "price":3.29,
    "unit_price":"$3.49",
    "sales_count":400.0,
    "image_url":"https:\/\/img08.weeecdn.net\/item\/image\/565\/300\/52F9EB652B926300.png!c560x560_q80.auto",
    "source_url":"https:\/\/www.sayweee.com\/en\/category\/tofuplantbased01\/Tofu?page=1&offset=0&filters=%7B%22catalogue_num%22%3A%22tofuplantbased01%22%7D&trigger_type=taxonomy_tofuplantbased01&filter_sub_category=tofuplantbased"
  },
  {
    "category":"tofu",
    "product_name":"House Foods Soft Tofu 10 oz",
    "price":2.49,
    "unit_price":"$0.24\/oz",
    "sales_count":1.0,
    "image_url":"https:\/\/img08.weeecdn.net\/product\/image\/546\/988\/2C26D9BE4774B6F7.png!c560x560_q80.auto",
    "source_url":"https:\/\/www.sayweee.com\/en\/category\/tofuplantbased01\/Tofu?page=1&offset=0&filters=%7B%22catalogue_num%22%3A%22tofuplantbased01%22%7D&trigger_type=taxonomy_tofuplantbased01&filter_sub_category=tofuplantbased"
  },
  {
    "category":"tofu",
    "product_name":"House Tofu Shitaraki Fettuccine 8 oz",
    "price":2.99,
    "unit_price":"$0.37\/oz",
    "sales_count":50.0,
    "image_url":"https:\/\/img08.weeecdn.net\/product\/image\/053\/389\/569F7E6813AD5C59.png!c560x560_q80.auto",
    "source_url":"https:\/\/www.sayweee.com\/en\/category\/tofuplantbased01\/Tofu?page=1&offset=0&filters=%7B%22catalogue_num%22%3A%22tofuplantbased01%22%7D&trigger_type=taxonomy_tofuplantbased01&filter_sub_category=tofuplantbased"
  },
  {
    "category":"tofu",
    "product_name":"Sansui Multi-Use Tofu 454 g",
    "price":1.99,
    "unit_price":"$0.12\/oz",
    "sales_count":1.0,
    "image_url":"https:\/\/img08.weeecdn.net\/item\/image\/468\/725\/1D4DDA49B512F402.jpg!c560x560_q80.auto",
    "source_url":"https:\/\/www.sayweee.com\/en\/category\/tofuplantbased01\/Tofu?page=1&offset=0&filters=%7B%22catalogue_num%22%3A%22tofuplantbased01%22%7D&trigger_type=taxonomy_tofuplantbased01&filter_sub_category=tofuplantbased"
  },
  {
    "category":"tofu",
    "product_name":"Nature's Soy Soft Tofu 16 oz",
    "price":2.29,
    "unit_price":"$0.14\/oz",
    "sales_count":800.0,
    "image_url":"https:\/\/img08.weeecdn.net\/product\/image\/979\/647\/6D3DBAA3336A43B1.png!c560x560_q80.auto",
    "source_url":"https:\/\/www.sayweee.com\/en\/category\/tofuplantbased01\/Tofu?page=1&offset=0&filters=%7B%22catalogue_num%22%3A%22tofuplantbased01%22%7D&trigger_type=taxonomy_tofuplantbased01&filter_sub_category=tofuplantbased"
  },
  {
    "category":"tofu",
    "product_name":"House Tofu Firm 19 oz",
    "price":2.49,
    "unit_price":"$0.13\/oz",
    "sales_count":200.0,
    "image_url":"https:\/\/img08.weeecdn.net\/item\/image\/472\/755\/79ACE033E9D7BE10.jpg!c560x560_q80.auto",
    "source_url":"https:\/\/www.sayweee.com\/en\/category\/tofuplantbased01\/Tofu?page=1&offset=0&filters=%7B%22catalogue_num%22%3A%22tofuplantbased01%22%7D&trigger_type=taxonomy_tofuplantbased01&filter_sub_category=tofuplantbased"
  },
  {
    "category":"tofu",
    "product_name":"Pulmuone Organic Tofu Soft 14 oz",
    "price":2.99,
    "unit_price":"$0.21\/oz",
    "sales_count":300.0,
    "image_url":"https:\/\/img08.weeecdn.net\/product\/image\/344\/198\/4EFA5A8F8CE12E6.png!c560x560_q80.auto",
    "source_url":"https:\/\/www.sayweee.com\/en\/category\/tofuplantbased01\/Tofu?page=1&offset=0&filters=%7B%22catalogue_num%22%3A%22tofuplantbased01%22%7D&trigger_type=taxonomy_tofuplantbased01&filter_sub_category=tofuplantbased"
  },
  {
    "category":"tofu",
    "product_name":"Chang Shing Tofu Cubes 4.4 oz",
    "price":3.99,
    "unit_price":"$0.90\/oz",
    "sales_count":100.0,
    "image_url":"https:\/\/img08.weeecdn.net\/product\/image\/276\/270\/1F1548C7C788BD29.png!c560x560_q80.auto",
    "source_url":"https:\/\/www.sayweee.com\/en\/category\/tofuplantbased01\/Tofu?page=1&offset=0&filters=%7B%22catalogue_num%22%3A%22tofuplantbased01%22%7D&trigger_type=taxonomy_tofuplantbased01&filter_sub_category=tofuplantbased"
  },
  {
    "category":"tofu",
    "product_name":"Jayone Tofu Firm 10 oz",
    "price":1.49,
    "unit_price":"$0.14\/oz",
    "sales_count":300.0,
    "image_url":"https:\/\/img08.weeecdn.net\/product\/image\/625\/212\/684164448E9A8202.png!c560x560_q80.auto",
    "source_url":"https:\/\/www.sayweee.com\/en\/category\/tofuplantbased01\/Tofu?page=1&offset=0&filters=%7B%22catalogue_num%22%3A%22tofuplantbased01%22%7D&trigger_type=taxonomy_tofuplantbased01&filter_sub_category=tofuplantbased"
  },
  {
    "category":"tofu",
    "product_name":"House Tofu Shirataki Macaroni 8 oz",
    "price":2.99,
    "unit_price":"$0.37\/oz",
    "sales_count":null,
    "image_url":"https:\/\/img08.weeecdn.net\/product\/image\/609\/663\/66CD168A775904A7.png!c560x560_q80.auto",
    "source_url":"https:\/\/www.sayweee.com\/en\/category\/tofuplantbased01\/Tofu?page=1&offset=0&filters=%7B%22catalogue_num%22%3A%22tofuplantbased01%22%7D&trigger_type=taxonomy_tofuplantbased01&filter_sub_category=tofuplantbased"
  },
  {
    "category":"tofu",
    "product_name":"House Foods Organic Tofu Firm 14 oz",
    "price":3.29,
    "unit_price":"$0.23\/oz",
    "sales_count":100.0,
    "image_url":"https:\/\/img08.weeecdn.net\/product\/image\/615\/826\/666C4865079ED238.png!c560x560_q80.auto",
    "source_url":"https:\/\/www.sayweee.com\/en\/category\/tofuplantbased01\/Tofu?page=1&offset=0&filters=%7B%22catalogue_num%22%3A%22tofuplantbased01%22%7D&trigger_type=taxonomy_tofuplantbased01&filter_sub_category=tofuplantbased"
  },
  {
    "category":"tofu",
    "product_name":"Pulmuone Organic Two Pack Tofu Firm 15.5 oz",
    "price":3.29,
    "unit_price":"$3.49",
    "sales_count":200.0,
    "image_url":"https:\/\/img08.weeecdn.net\/item\/image\/934\/522\/1CCDAE9F99372C9C.jpg!c560x560_q80.auto",
    "source_url":"https:\/\/www.sayweee.com\/en\/category\/tofuplantbased01\/Tofu?page=1&offset=0&filters=%7B%22catalogue_num%22%3A%22tofuplantbased01%22%7D&trigger_type=taxonomy_tofuplantbased01&filter_sub_category=tofuplantbased"
  },
  {
    "category":"tofu",
    "product_name":"Soybean Rolls 168 g",
    "price":7.29,
    "unit_price":"$1.22\/oz",
    "sales_count":200.0,
    "image_url":"https:\/\/img08.weeecdn.net\/item\/image\/479\/387\/394C99283540ABE9.jpg!c560x560_q80.auto",
    "source_url":"https:\/\/www.sayweee.com\/en\/category\/tofuplantbased01\/Tofu?page=1&offset=0&filters=%7B%22catalogue_num%22%3A%22tofuplantbased01%22%7D&trigger_type=taxonomy_tofuplantbased01&filter_sub_category=tofuplantbased"
  },
  {
    "category":"tofu",
    "product_name":"House Soon Tofu Extra Soft 12 oz",
    "price":1.99,
    "unit_price":"$0.16\/oz",
    "sales_count":400.0,
    "image_url":"https:\/\/img08.weeecdn.net\/item\/image\/833\/513\/609FEF60B9855D48.jpg!c560x560_q80.auto",
    "source_url":"https:\/\/www.sayweee.com\/en\/category\/tofuplantbased01\/Tofu?page=1&offset=0&filters=%7B%22catalogue_num%22%3A%22tofuplantbased01%22%7D&trigger_type=taxonomy_tofuplantbased01&filter_sub_category=tofuplantbased"
  },
  {
    "category":"tofu",
    "product_name":"House Foods Broiled Yaki Tofu 9 oz",
    "price":2.29,
    "unit_price":"$0.25\/oz",
    "sales_count":200.0,
    "image_url":"https:\/\/img08.weeecdn.net\/product\/image\/901\/545\/1B4E08FE15179900.png!c560x560_q80.auto",
    "source_url":"https:\/\/www.sayweee.com\/en\/category\/tofuplantbased01\/Tofu?page=1&offset=0&filters=%7B%22catalogue_num%22%3A%22tofuplantbased01%22%7D&trigger_type=taxonomy_tofuplantbased01&filter_sub_category=tofuplantbased"
  },
  {
    "category":"tofu",
    "product_name":"House Organic Tofu Soft 14 oz",
    "price":3.29,
    "unit_price":"$0.23\/oz",
    "sales_count":200.0,
    "image_url":"https:\/\/img08.weeecdn.net\/product\/image\/735\/029\/3FD8710C7E011574.png!c560x560_q80.auto",
    "source_url":"https:\/\/www.sayweee.com\/en\/category\/tofuplantbased01\/Tofu?page=1&offset=0&filters=%7B%22catalogue_num%22%3A%22tofuplantbased01%22%7D&trigger_type=taxonomy_tofuplantbased01&filter_sub_category=tofuplantbased"
  },
  {
    "category":"tofu",
    "product_name":"JAYONE Tofu Soft 10 oz",
    "price":1.49,
    "unit_price":"$0.14\/oz",
    "sales_count":400.0,
    "image_url":"https:\/\/img08.weeecdn.net\/product\/image\/842\/478\/5E15C9A453E67613.png!c560x560_q80.auto",
    "source_url":"https:\/\/www.sayweee.com\/en\/category\/tofuplantbased01\/Tofu?page=1&offset=0&filters=%7B%22catalogue_num%22%3A%22tofuplantbased01%22%7D&trigger_type=taxonomy_tofuplantbased01&filter_sub_category=tofuplantbased"
  },
  {
    "category":"tofu",
    "product_name":"Shirakiku Egg Custard Tamago Tofu 3pk 360 g",
    "price":5.99,
    "unit_price":"$0.47\/oz",
    "sales_count":null,
    "image_url":"https:\/\/img08.weeecdn.net\/product\/image\/316\/911\/96ECA6B1CC92883.png!c560x560_q80.auto",
    "source_url":"https:\/\/www.sayweee.com\/en\/category\/tofuplantbased01\/Tofu?page=1&offset=0&filters=%7B%22catalogue_num%22%3A%22tofuplantbased01%22%7D&trigger_type=taxonomy_tofuplantbased01&filter_sub_category=tofuplantbased"
  },
  {
    "category":"tofu",
    "product_name":"House Tofu Medium Firm 19 oz",
    "price":2.29,
    "unit_price":"$0.12\/oz",
    "sales_count":200.0,
    "image_url":"https:\/\/img08.weeecdn.net\/item\/image\/523\/475\/42AD29DAC495BFAA.png!c560x560_q80.auto",
    "source_url":"https:\/\/www.sayweee.com\/en\/category\/tofuplantbased01\/Tofu?page=1&offset=0&filters=%7B%22catalogue_num%22%3A%22tofuplantbased01%22%7D&trigger_type=taxonomy_tofuplantbased01&filter_sub_category=tofuplantbased"
  },
  {
    "category":"tofu",
    "product_name":"Imperial Taste Spicy Stinky Tofu 8 oz",
    "price":3.49,
    "unit_price":"$0.43\/oz",
    "sales_count":50.0,
    "image_url":"https:\/\/img08.weeecdn.net\/product\/image\/883\/306\/B59FA3A90AF9F3A.png!c560x560_q80.auto",
    "source_url":"https:\/\/www.sayweee.com\/en\/category\/tofuplantbased01\/Tofu?page=1&offset=0&filters=%7B%22catalogue_num%22%3A%22tofuplantbased01%22%7D&trigger_type=taxonomy_tofuplantbased01&filter_sub_category=tofuplantbased"
  },
  {
    "category":"tofu",
    "product_name":"House Foods Extra Soft Tofu 12 oz",
    "price":1.99,
    "unit_price":"$0.16\/oz",
    "sales_count":50.0,
    "image_url":"https:\/\/img08.weeecdn.net\/item\/image\/228\/256\/5C5A91E2E03BAA49.jpg!c560x560_q80.auto",
    "source_url":"https:\/\/www.sayweee.com\/en\/category\/tofuplantbased01\/Tofu?page=1&offset=0&filters=%7B%22catalogue_num%22%3A%22tofuplantbased01%22%7D&trigger_type=taxonomy_tofuplantbased01&filter_sub_category=tofuplantbased"
  },
  {
    "category":"tofu",
    "product_name":"Douxiangfang Dried Soy Sheet 8 oz",
    "price":5.49,
    "unit_price":"$0.68\/oz",
    "sales_count":null,
    "image_url":"https:\/\/img08.weeecdn.net\/description\/image\/311\/022\/25250B1971F41126.png!c560x560_q80.auto",
    "source_url":"https:\/\/www.sayweee.com\/en\/category\/tofuplantbased01\/Tofu?page=1&offset=0&filters=%7B%22catalogue_num%22%3A%22tofuplantbased01%22%7D&trigger_type=taxonomy_tofuplantbased01&filter_sub_category=tofuplantbased"
  },
  {
    "category":"tofu",
    "product_name":"Fruit fresh, the first layer of dried yuba, farmer's pure handmade tofu skin, Henan special specialty grade, 500g*1 pack 500 g",
    "price":29.99,
    "unit_price":"$0.05\/g",
    "sales_count":null,
    "image_url":"https:\/\/img08.weeecdn.net\/item\/image\/806\/868\/6295ABECF3FC8ED4.webp!c560x560_q80.auto",
    "source_url":"https:\/\/www.sayweee.com\/en\/category\/tofuplantbased01\/Tofu?page=1&offset=0&filters=%7B%22catalogue_num%22%3A%22tofuplantbased01%22%7D&trigger_type=taxonomy_tofuplantbased01&filter_sub_category=tofuplantbased"
  },
  {
    "category":"veg",
    "product_name":"Napa Cabbage 1 count",
    "price":2.99,
    "unit_price":"nan",
    "sales_count":1.0,
    "image_url":"https:\/\/img08.weeecdn.net\/product\/image\/109\/967\/607621BEFAFDC2EA.png!c560x560_q80.auto",
    "source_url":"https:\/\/www.sayweee.com\/en\/category\/green15\/Other-Vegetables?page=1&offset=0&filters=%7B%22catalogue_num%22%3A%22green15%22%7D&trigger_type=taxonomy_green15&filter_sub_category=green"
  },
  {
    "category":"veg",
    "product_name":"Indian Okra 0.9-1.1 lb",
    "price":3.49,
    "unit_price":"nan",
    "sales_count":1.0,
    "image_url":"https:\/\/img08.weeecdn.net\/product\/image\/379\/022\/51DB07328F89F2DB.png!c560x560_q80.auto",
    "source_url":"https:\/\/www.sayweee.com\/en\/category\/green15\/Other-Vegetables?page=1&offset=0&filters=%7B%22catalogue_num%22%3A%22green15%22%7D&trigger_type=taxonomy_green15&filter_sub_category=green"
  },
  {
    "category":"veg",
    "product_name":"Mung Bean Sprouts 12 oz",
    "price":1.99,
    "unit_price":"$2.65\/lb",
    "sales_count":1.0,
    "image_url":"https:\/\/img08.weeecdn.net\/product\/image\/312\/398\/32754C8C3A6416C0.png!c560x560_q80.auto",
    "source_url":"https:\/\/www.sayweee.com\/en\/category\/green15\/Other-Vegetables?page=1&offset=0&filters=%7B%22catalogue_num%22%3A%22green15%22%7D&trigger_type=taxonomy_green15&filter_sub_category=green"
  },
  {
    "category":"veg",
    "product_name":"Soy Bean Sprouts 12 oz",
    "price":1.29,
    "unit_price":"$1.72\/lb",
    "sales_count":1.0,
    "image_url":"https:\/\/img08.weeecdn.net\/product\/image\/842\/748\/647C9301789E437E.jpeg!c560x560_q80.auto",
    "source_url":"https:\/\/www.sayweee.com\/en\/category\/green15\/Other-Vegetables?page=1&offset=0&filters=%7B%22catalogue_num%22%3A%22green15%22%7D&trigger_type=taxonomy_green15&filter_sub_category=green"
  },
  {
    "category":"veg",
    "product_name":"Long Napa Cabbage 1 count",
    "price":1.99,
    "unit_price":"nan",
    "sales_count":900.0,
    "image_url":"https:\/\/img08.weeecdn.net\/product\/image\/255\/898\/6C6C294BBB948F3C.png!c560x560_q80.auto",
    "source_url":"https:\/\/www.sayweee.com\/en\/category\/green15\/Other-Vegetables?page=1&offset=0&filters=%7B%22catalogue_num%22%3A%22green15%22%7D&trigger_type=taxonomy_green15&filter_sub_category=green"
  },
  {
    "category":"veg",
    "product_name":"Chayote 2.8-3 lb",
    "price":3.79,
    "unit_price":"$1.30\/lb",
    "sales_count":1.0,
    "image_url":"https:\/\/img08.weeecdn.net\/product\/image\/089\/275\/1103C0ED109646F9.png!c560x560_q80.auto",
    "source_url":"https:\/\/www.sayweee.com\/en\/category\/green15\/Other-Vegetables?page=1&offset=0&filters=%7B%22catalogue_num%22%3A%22green15%22%7D&trigger_type=taxonomy_green15&filter_sub_category=green"
  },
  {
    "category":"veg",
    "product_name":"Okra 0.95-1.05 lb",
    "price":3.79,
    "unit_price":"nan",
    "sales_count":800.0,
    "image_url":"https:\/\/img08.weeecdn.net\/product\/image\/773\/024\/23C5040B383ECA95.png!c560x560_q80.auto",
    "source_url":"https:\/\/www.sayweee.com\/en\/category\/green15\/Other-Vegetables?page=1&offset=0&filters=%7B%22catalogue_num%22%3A%22green15%22%7D&trigger_type=taxonomy_green15&filter_sub_category=green"
  },
  {
    "category":"veg",
    "product_name":"Pouched Boiled Gingko Nuts 100 g",
    "price":1.29,
    "unit_price":"$5.86\/lb",
    "sales_count":600.0,
    "image_url":"https:\/\/img08.weeecdn.net\/item\/image\/725\/371\/9355B4DFBED488A.jpg!c560x560_q80.auto",
    "source_url":"https:\/\/www.sayweee.com\/en\/category\/green15\/Other-Vegetables?page=1&offset=0&filters=%7B%22catalogue_num%22%3A%22green15%22%7D&trigger_type=taxonomy_green15&filter_sub_category=green"
  },
  {
    "category":"veg",
    "product_name":"Banana flower 1-2 lb",
    "price":2.99,
    "unit_price":"$1.99\/lb",
    "sales_count":800.0,
    "image_url":"https:\/\/img08.weeecdn.net\/item\/image\/358\/143\/5AEEF52C794813C1.jpg!c560x560_q80.auto",
    "source_url":"https:\/\/www.sayweee.com\/en\/category\/green15\/Other-Vegetables?page=1&offset=0&filters=%7B%22catalogue_num%22%3A%22green15%22%7D&trigger_type=taxonomy_green15&filter_sub_category=green"
  },
  {
    "category":"veg",
    "product_name":"Broccolini 1ct 1 each",
    "price":6.29,
    "unit_price":"nan",
    "sales_count":600.0,
    "image_url":"https:\/\/img08.weeecdn.net\/product\/image\/852\/257\/6DB12C18C01FDF72.png!c560x560_q80.auto",
    "source_url":"https:\/\/www.sayweee.com\/en\/category\/green15\/Other-Vegetables?page=1&offset=0&filters=%7B%22catalogue_num%22%3A%22green15%22%7D&trigger_type=taxonomy_green15&filter_sub_category=green"
  },
  {
    "category":"veg",
    "product_name":"Bac Ha Doc Mung Elephant Taro 1 lb",
    "price":5.29,
    "unit_price":"nan",
    "sales_count":300.0,
    "image_url":"https:\/\/img08.weeecdn.net\/item\/image\/040\/149\/168607933DE2B9B7.jpg!c560x560_q80.auto",
    "source_url":"https:\/\/www.sayweee.com\/en\/category\/green15\/Other-Vegetables?page=1&offset=0&filters=%7B%22catalogue_num%22%3A%22green15%22%7D&trigger_type=taxonomy_green15&filter_sub_category=green"
  },
  {
    "category":"veg",
    "product_name":"Artichoke 1 count",
    "price":4.29,
    "unit_price":"nan",
    "sales_count":50.0,
    "image_url":"https:\/\/img08.weeecdn.net\/product\/image\/696\/427\/5EC262EF6E835F2.jpeg!c560x560_q80.auto",
    "source_url":"https:\/\/www.sayweee.com\/en\/category\/green15\/Other-Vegetables?page=1&offset=0&filters=%7B%22catalogue_num%22%3A%22green15%22%7D&trigger_type=taxonomy_green15&filter_sub_category=green"
  },
  {
    "category":"veg",
    "product_name":"Radish Sprouts 2.5 oz",
    "price":2.29,
    "unit_price":"$14.31\/lb",
    "sales_count":300.0,
    "image_url":"https:\/\/img08.weeecdn.net\/item\/image\/974\/899\/13D73F0F9CD66F7F.jpg!c560x560_q80.auto",
    "source_url":"https:\/\/www.sayweee.com\/en\/category\/green15\/Other-Vegetables?page=1&offset=0&filters=%7B%22catalogue_num%22%3A%22green15%22%7D&trigger_type=taxonomy_green15&filter_sub_category=green"
  },
  {
    "category":"veg",
    "product_name":"Brussels Sprouts 10 oz",
    "price":4.79,
    "unit_price":"$7.60\/lb",
    "sales_count":100.0,
    "image_url":"https:\/\/img08.weeecdn.net\/item\/image\/017\/636\/2F4D7D023ABF57B3.jpg!c560x560_q80.auto",
    "source_url":"https:\/\/www.sayweee.com\/en\/category\/green15\/Other-Vegetables?page=1&offset=0&filters=%7B%22catalogue_num%22%3A%22green15%22%7D&trigger_type=taxonomy_green15&filter_sub_category=green"
  },
  {
    "category":"veg",
    "product_name":"Organic Cauliflower 1 count",
    "price":8.49,
    "unit_price":"nan",
    "sales_count":100.0,
    "image_url":"https:\/\/img08.weeecdn.net\/item\/image\/504\/695\/B987E90AC7B4F20.jpg!c560x560_q80.auto",
    "source_url":"https:\/\/www.sayweee.com\/en\/category\/green15\/Other-Vegetables?page=1&offset=0&filters=%7B%22catalogue_num%22%3A%22green15%22%7D&trigger_type=taxonomy_green15&filter_sub_category=green"
  },
  {
    "category":"veg",
    "product_name":"Aloe Vera 1 each",
    "price":1.29,
    "unit_price":"nan",
    "sales_count":50.0,
    "image_url":"https:\/\/img08.weeecdn.net\/item\/image\/799\/590\/1E9E375C12A540D0.jpg!c560x560_q80.auto",
    "source_url":"https:\/\/www.sayweee.com\/en\/category\/green15\/Other-Vegetables?page=1&offset=0&filters=%7B%22catalogue_num%22%3A%22green15%22%7D&trigger_type=taxonomy_green15&filter_sub_category=green"
  },
  {
    "category":"veg",
    "product_name":"Valor 1 lb",
    "price":5.99,
    "unit_price":"nan",
    "sales_count":null,
    "image_url":"https:\/\/img08.weeecdn.net\/product\/image\/906\/631\/53399115CEB9688F.png!c560x560_q80.auto",
    "source_url":"https:\/\/www.sayweee.com\/en\/category\/green15\/Other-Vegetables?page=1&offset=0&filters=%7B%22catalogue_num%22%3A%22green15%22%7D&trigger_type=taxonomy_green15&filter_sub_category=green"
  },
  {
    "category":"veg",
    "product_name":"Mung Bean Sprouts 16 oz",
    "price":2.49,
    "unit_price":"nan",
    "sales_count":1.0,
    "image_url":"https:\/\/img08.weeecdn.net\/item\/image\/311\/124\/6C5F8EF3357B70A2.jpg!c560x560_q80.auto",
    "source_url":"https:\/\/www.sayweee.com\/en\/category\/green15\/Other-Vegetables?page=1&offset=0&filters=%7B%22catalogue_num%22%3A%22green15%22%7D&trigger_type=taxonomy_green15&filter_sub_category=green"
  },
  {
    "category":"veg",
    "product_name":"Fresh Medium Sized Chestnuts 2 lb",
    "price":15.99,
    "unit_price":"$7.99\/lb",
    "sales_count":400.0,
    "image_url":"https:\/\/img08.weeecdn.net\/product\/image\/075\/964\/291C3F582395277F.jpeg!c560x560_q80.auto",
    "source_url":"https:\/\/www.sayweee.com\/en\/category\/green15\/Other-Vegetables?page=1&offset=0&filters=%7B%22catalogue_num%22%3A%22green15%22%7D&trigger_type=taxonomy_green15&filter_sub_category=green"
  },
  {
    "category":"veg",
    "product_name":"Nopales 1 lb",
    "price":1.49,
    "unit_price":"nan",
    "sales_count":100.0,
    "image_url":"https:\/\/img08.weeecdn.net\/product\/image\/865\/911\/60CD0480005D8593.png!c560x560_q80.auto",
    "source_url":"https:\/\/www.sayweee.com\/en\/category\/green15\/Other-Vegetables?page=1&offset=0&filters=%7B%22catalogue_num%22%3A%22green15%22%7D&trigger_type=taxonomy_green15&filter_sub_category=green"
  },
  {
    "category":"veg",
    "product_name":"Orange Cauliflower 1 each",
    "price":4.29,
    "unit_price":"nan",
    "sales_count":100.0,
    "image_url":"https:\/\/img08.weeecdn.net\/product\/image\/959\/199\/65575D3893642B8B.png!c560x560_q80.auto",
    "source_url":"https:\/\/www.sayweee.com\/en\/category\/green15\/Other-Vegetables?page=1&offset=0&filters=%7B%22catalogue_num%22%3A%22green15%22%7D&trigger_type=taxonomy_green15&filter_sub_category=green"
  },
  {
    "category":"veg",
    "product_name":"Parval 2 lb",
    "price":9.49,
    "unit_price":"$4.74\/lb",
    "sales_count":50.0,
    "image_url":"https:\/\/img08.weeecdn.net\/product\/image\/976\/889\/2AF7E058BF8544C2.png!c560x560_q80.auto",
    "source_url":"https:\/\/www.sayweee.com\/en\/category\/green15\/Other-Vegetables?page=1&offset=0&filters=%7B%22catalogue_num%22%3A%22green15%22%7D&trigger_type=taxonomy_green15&filter_sub_category=green"
  },
  {
    "category":"veg",
    "product_name":"Moongra Drumstick 1 lb",
    "price":10.49,
    "unit_price":"nan",
    "sales_count":null,
    "image_url":"https:\/\/img08.weeecdn.net\/product\/image\/059\/279\/78308F4770E67954.png!c560x560_q80.auto",
    "source_url":"https:\/\/www.sayweee.com\/en\/category\/green15\/Other-Vegetables?page=1&offset=0&filters=%7B%22catalogue_num%22%3A%22green15%22%7D&trigger_type=taxonomy_green15&filter_sub_category=green"
  },
  {
    "category":"veg",
    "product_name":"Mugwort 1 lb",
    "price":10.49,
    "unit_price":"nan",
    "sales_count":null,
    "image_url":"https:\/\/img08.weeecdn.net\/product\/image\/095\/567\/2AA6B2FD21BFFFC2.jpeg!c560x560_q80.auto",
    "source_url":"https:\/\/www.sayweee.com\/en\/category\/green15\/Other-Vegetables?page=1&offset=0&filters=%7B%22catalogue_num%22%3A%22green15%22%7D&trigger_type=taxonomy_green15&filter_sub_category=green"
  },
  {
    "category":"veg",
    "product_name":"Baby Spinach 5 oz",
    "price":3.79,
    "unit_price":"$0.75\/oz",
    "sales_count":null,
    "image_url":"https:\/\/img08.weeecdn.net\/product\/image\/731\/239\/B321A9833E919AC.png!c560x560_q80.auto",
    "source_url":"https:\/\/www.sayweee.com\/en\/category\/green14\/Salad?page=1&offset=0&filters=%7B%22catalogue_num%22%3A%22green14%22%7D&trigger_type=taxonomy_green14&filter_sub_category=green"
  },
  {
    "category":"veg",
    "product_name":"Baby Spring Mix 4 oz",
    "price":3.79,
    "unit_price":"$0.94\/oz",
    "sales_count":null,
    "image_url":"https:\/\/img08.weeecdn.net\/product\/image\/517\/503\/34EBDFCBFFB3BC.png!c560x560_q80.auto",
    "source_url":"https:\/\/www.sayweee.com\/en\/category\/green14\/Salad?page=1&offset=0&filters=%7B%22catalogue_num%22%3A%22green14%22%7D&trigger_type=taxonomy_green14&filter_sub_category=green"
  },
  {
    "category":"veg",
    "product_name":"Crispy Green Leaf Lettuce 4 oz",
    "price":3.79,
    "unit_price":"$0.94\/oz",
    "sales_count":100.0,
    "image_url":"https:\/\/img08.weeecdn.net\/product\/image\/607\/413\/F7E0DD26424DCBC.png!c560x560_q80.auto",
    "source_url":"https:\/\/www.sayweee.com\/en\/category\/green14\/Salad?page=1&offset=0&filters=%7B%22catalogue_num%22%3A%22green14%22%7D&trigger_type=taxonomy_green14&filter_sub_category=green"
  },
  {
    "category":"veg",
    "product_name":"Green Leaf Butter Lettuce 4 oz",
    "price":3.79,
    "unit_price":"$0.94\/oz",
    "sales_count":null,
    "image_url":"https:\/\/img08.weeecdn.net\/product\/image\/424\/064\/286D2E74F90D4BF3.png!c560x560_q80.auto",
    "source_url":"https:\/\/www.sayweee.com\/en\/category\/green14\/Salad?page=1&offset=0&filters=%7B%22catalogue_num%22%3A%22green14%22%7D&trigger_type=taxonomy_green14&filter_sub_category=green"
  },
  {
    "category":"veg",
    "product_name":"Salad Arugula 1 each",
    "price":3.79,
    "unit_price":"nan",
    "sales_count":50.0,
    "image_url":"https:\/\/img08.weeecdn.net\/product\/image\/630\/576\/6BE7A64B33B758B5.png!c560x560_q80.auto",
    "source_url":"https:\/\/www.sayweee.com\/en\/category\/green14\/Salad?page=1&offset=0&filters=%7B%22catalogue_num%22%3A%22green14%22%7D&trigger_type=taxonomy_green14&filter_sub_category=green"
  },
  {
    "category":"veg",
    "product_name":"Spring Mix and Spinach Half & Half 5 oz",
    "price":3.79,
    "unit_price":"$0.75\/oz",
    "sales_count":null,
    "image_url":"https:\/\/img08.weeecdn.net\/product\/image\/657\/965\/1D6FC27C9DAD2952.jpeg!c560x560_q80.auto",
    "source_url":"https:\/\/www.sayweee.com\/en\/category\/green14\/Salad?page=1&offset=0&filters=%7B%22catalogue_num%22%3A%22green14%22%7D&trigger_type=taxonomy_green14&filter_sub_category=green"
  },
  {
    "category":"veg",
    "product_name":"Green Leaf & Red Leaf 4 oz",
    "price":3.79,
    "unit_price":"$0.94\/oz",
    "sales_count":null,
    "image_url":"https:\/\/img08.weeecdn.net\/product\/image\/519\/841\/644D320739E68D7E.png!c560x560_q80.auto",
    "source_url":"https:\/\/www.sayweee.com\/en\/category\/green14\/Salad?page=1&offset=0&filters=%7B%22catalogue_num%22%3A%22green14%22%7D&trigger_type=taxonomy_green14&filter_sub_category=green"
  },
  {
    "category":"veg",
    "product_name":"Organic Baby Spring Mix 5 oz",
    "price":3.99,
    "unit_price":"$0.79\/oz",
    "sales_count":2.0,
    "image_url":"https:\/\/img08.weeecdn.net\/product\/image\/515\/862\/6F63F33A9E4F8C8B.jpeg!c560x560_q80.auto",
    "source_url":"https:\/\/www.sayweee.com\/en\/category\/green14\/Salad?page=1&offset=0&filters=%7B%22catalogue_num%22%3A%22green14%22%7D&trigger_type=taxonomy_green14&filter_sub_category=green"
  },
  {
    "category":"veg",
    "product_name":"Organic 50\/50 Spring Mix & Baby Spinach 5 oz",
    "price":3.99,
    "unit_price":"$0.79\/oz",
    "sales_count":null,
    "image_url":"https:\/\/img08.weeecdn.net\/product\/image\/624\/785\/167D57330E923D8.jpeg!c560x560_q80.auto",
    "source_url":"https:\/\/www.sayweee.com\/en\/category\/green14\/Salad?page=1&offset=0&filters=%7B%22catalogue_num%22%3A%22green14%22%7D&trigger_type=taxonomy_green14&filter_sub_category=green"
  },
  {
    "category":"veg",
    "product_name":"Organic Baby Spinach 5 oz",
    "price":3.99,
    "unit_price":"$0.79\/oz",
    "sales_count":null,
    "image_url":"https:\/\/img08.weeecdn.net\/product\/image\/736\/605\/420B68B183DAA780.jpeg!c560x560_q80.auto",
    "source_url":"https:\/\/www.sayweee.com\/en\/category\/green14\/Salad?page=1&offset=0&filters=%7B%22catalogue_num%22%3A%22green14%22%7D&trigger_type=taxonomy_green14&filter_sub_category=green"
  },
  {
    "category":"veg",
    "product_name":"Organic Baby Arugula 5 oz",
    "price":3.99,
    "unit_price":"$0.79\/oz",
    "sales_count":null,
    "image_url":"https:\/\/img08.weeecdn.net\/product\/image\/340\/506\/3DBF97D8D8346551.jpeg!c560x560_q80.auto",
    "source_url":"https:\/\/www.sayweee.com\/en\/category\/green14\/Salad?page=1&offset=0&filters=%7B%22catalogue_num%22%3A%22green14%22%7D&trigger_type=taxonomy_green14&filter_sub_category=green"
  },
  {
    "category":"veg",
    "product_name":"Green Beans 1.95-2.05 lb",
    "price":2.49,
    "unit_price":"$1.24\/lb",
    "sales_count":null,
    "image_url":"https:\/\/img08.weeecdn.net\/item\/image\/524\/862\/41BD46E37643C1B8.jpg!c560x560_q80.auto",
    "source_url":"https:\/\/www.sayweee.com\/en\/category\/green03\/Peas-Beans?page=1&offset=0&filters=%7B%22catalogue_num%22%3A%22green03%22%7D&trigger_type=taxonomy_green03&filter_sub_category=green"
  },
  {
    "category":"veg",
    "product_name":"Romano Beans 0.95-1.05 lb",
    "price":6.29,
    "unit_price":"nan",
    "sales_count":null,
    "image_url":"https:\/\/img08.weeecdn.net\/product\/image\/671\/629\/4769718198677089.png!c560x560_q80.auto",
    "source_url":"https:\/\/www.sayweee.com\/en\/category\/green03\/Peas-Beans?page=1&offset=0&filters=%7B%22catalogue_num%22%3A%22green03%22%7D&trigger_type=taxonomy_green03&filter_sub_category=green"
  },
  {
    "category":"veg",
    "product_name":"Snow Peas 0.95-1.05 lb",
    "price":7.49,
    "unit_price":"nan",
    "sales_count":null,
    "image_url":"https:\/\/img08.weeecdn.net\/product\/image\/408\/127\/11723669F2C7407C.png!c560x560_q80.auto",
    "source_url":"https:\/\/www.sayweee.com\/en\/category\/green03\/Peas-Beans?page=1&offset=0&filters=%7B%22catalogue_num%22%3A%22green03%22%7D&trigger_type=taxonomy_green03&filter_sub_category=green"
  },
  {
    "category":"veg",
    "product_name":"Winged Bean 0.95-1.05 lb",
    "price":6.29,
    "unit_price":"nan",
    "sales_count":200.0,
    "image_url":"https:\/\/img08.weeecdn.net\/item\/image\/535\/930\/615237FA0D9A48ED.jpg!c560x560_q80.auto",
    "source_url":"https:\/\/www.sayweee.com\/en\/category\/green03\/Peas-Beans?page=1&offset=0&filters=%7B%22catalogue_num%22%3A%22green03%22%7D&trigger_type=taxonomy_green03&filter_sub_category=green"
  },
  {
    "category":"veg",
    "product_name":"Long White Bean 1.5 lb",
    "price":8.99,
    "unit_price":"$5.99\/lb",
    "sales_count":1.0,
    "image_url":"https:\/\/img08.weeecdn.net\/item\/image\/929\/877\/3FBC383CB4F26F7.jpg!c560x560_q80.auto",
    "source_url":"https:\/\/www.sayweee.com\/en\/category\/green03\/Peas-Beans?page=1&offset=0&filters=%7B%22catalogue_num%22%3A%22green03%22%7D&trigger_type=taxonomy_green03&filter_sub_category=green"
  },
  {
    "category":"veg",
    "product_name":"Sugar Snap Peas 0.95-1.05 lb",
    "price":7.49,
    "unit_price":"nan",
    "sales_count":600.0,
    "image_url":"https:\/\/img08.weeecdn.net\/item\/image\/870\/145\/1C8333AE32EFBE1.jpg!c560x560_q80.auto",
    "source_url":"https:\/\/www.sayweee.com\/en\/category\/green03\/Peas-Beans?page=1&offset=0&filters=%7B%22catalogue_num%22%3A%22green03%22%7D&trigger_type=taxonomy_green03&filter_sub_category=green"
  },
  {
    "category":"veg",
    "product_name":"Chickpea (Fresh Garbanzo) 1 lb",
    "price":7.49,
    "unit_price":"nan",
    "sales_count":8.0,
    "image_url":"https:\/\/img08.weeecdn.net\/item\/image\/979\/270\/5C031E5952898141.jpg!c560x560_q80.auto",
    "source_url":"https:\/\/www.sayweee.com\/en\/category\/green03\/Peas-Beans?page=1&offset=0&filters=%7B%22catalogue_num%22%3A%22green03%22%7D&trigger_type=taxonomy_green03&filter_sub_category=green"
  },
  {
    "category":"veg",
    "product_name":"Guar\/Guwar 1 lb",
    "price":3.99,
    "unit_price":"nan",
    "sales_count":50.0,
    "image_url":"https:\/\/img08.weeecdn.net\/product\/image\/091\/058\/5C57ADDD17351861.png!c560x560_q80.auto",
    "source_url":"https:\/\/www.sayweee.com\/en\/category\/green03\/Peas-Beans?page=1&offset=0&filters=%7B%22catalogue_num%22%3A%22green03%22%7D&trigger_type=taxonomy_green03&filter_sub_category=green"
  },
  {
    "category":"veg",
    "product_name":"Fava Beans 3 lb",
    "price":7.49,
    "unit_price":"$2.49\/lb",
    "sales_count":50.0,
    "image_url":"https:\/\/img08.weeecdn.net\/item\/image\/347\/839\/42D0F39ACDB2ADEF.jpg!c560x560_q80.auto",
    "source_url":"https:\/\/www.sayweee.com\/en\/category\/green03\/Peas-Beans?page=1&offset=0&filters=%7B%22catalogue_num%22%3A%22green03%22%7D&trigger_type=taxonomy_green03&filter_sub_category=green"
  },
  {
    "category":"veg",
    "product_name":"Soy Bean Sprouts 1 lb",
    "price":2.49,
    "unit_price":"nan",
    "sales_count":null,
    "image_url":"https:\/\/img08.weeecdn.net\/product\/image\/377\/210\/4FF5E774F2453737.png!c560x560_q80.auto",
    "source_url":"https:\/\/www.sayweee.com\/en\/category\/green03\/Peas-Beans?page=1&offset=0&filters=%7B%22catalogue_num%22%3A%22green03%22%7D&trigger_type=taxonomy_green03&filter_sub_category=green"
  },
  {
    "category":"veg",
    "product_name":"Green Long Bean 1 lb",
    "price":4.29,
    "unit_price":"nan",
    "sales_count":null,
    "image_url":"https:\/\/img08.weeecdn.net\/product\/image\/631\/712\/54EDF324AD7242CA.png!c560x560_q80.auto",
    "source_url":"https:\/\/www.sayweee.com\/en\/category\/green03\/Peas-Beans?page=1&offset=0&filters=%7B%22catalogue_num%22%3A%22green03%22%7D&trigger_type=taxonomy_green03&filter_sub_category=green"
  },
  {
    "category":"veg",
    "product_name":"Thai Green Chili Peppers 1 lb",
    "price":2.99,
    "unit_price":"nan",
    "sales_count":1.0,
    "image_url":"https:\/\/img08.weeecdn.net\/product\/image\/737\/358\/3EDF8E3DCBFFE1FF.png!c560x560_q80.auto",
    "source_url":"https:\/\/www.sayweee.com\/en\/category\/green02\/Peppers?page=1&offset=0&filters=%7B%22catalogue_num%22%3A%22green02%22%7D&trigger_type=taxonomy_green02&filter_sub_category=green"
  },
  {
    "category":"veg",
    "product_name":"Tiger Skin Chili Peppers 1 lb",
    "price":1.99,
    "unit_price":"nan",
    "sales_count":null,
    "image_url":"https:\/\/img08.weeecdn.net\/product\/image\/562\/167\/23F09B9AB17C7D9F.png!c560x560_q80.auto",
    "source_url":"https:\/\/www.sayweee.com\/en\/category\/green02\/Peppers?page=1&offset=0&filters=%7B%22catalogue_num%22%3A%22green02%22%7D&trigger_type=taxonomy_green02&filter_sub_category=green"
  },
  {
    "category":"veg",
    "product_name":"Color Bell Peppers 4ct 1 each",
    "price":2.79,
    "unit_price":"nan",
    "sales_count":null,
    "image_url":"https:\/\/img08.weeecdn.net\/product\/image\/707\/881\/7ED49DC804B942C8.jpeg!c560x560_q80.auto",
    "source_url":"https:\/\/www.sayweee.com\/en\/category\/green02\/Peppers?page=1&offset=0&filters=%7B%22catalogue_num%22%3A%22green02%22%7D&trigger_type=taxonomy_green02&filter_sub_category=green"
  },
  {
    "category":"veg",
    "product_name":"Green Bell Pepper 1.3-1.6 lb",
    "price":2.29,
    "unit_price":"$1.57\/lb",
    "sales_count":1.0,
    "image_url":"https:\/\/img08.weeecdn.net\/product\/image\/390\/257\/25A68605B26995FC.jpeg!c560x560_q80.auto",
    "source_url":"https:\/\/www.sayweee.com\/en\/category\/green02\/Peppers?page=1&offset=0&filters=%7B%22catalogue_num%22%3A%22green02%22%7D&trigger_type=taxonomy_green02&filter_sub_category=green"
  },
  {
    "category":"veg",
    "product_name":"Tri-Color Bell Peppers 1 each",
    "price":3.29,
    "unit_price":"nan",
    "sales_count":null,
    "image_url":"https:\/\/img08.weeecdn.net\/item\/image\/477\/903\/630C8D7D4128F216.jpg!c560x560_q80.auto",
    "source_url":"https:\/\/www.sayweee.com\/en\/category\/green02\/Peppers?page=1&offset=0&filters=%7B%22catalogue_num%22%3A%22green02%22%7D&trigger_type=taxonomy_green02&filter_sub_category=green"
  },
  {
    "category":"veg",
    "product_name":"Red Fresno Chile Peppers 4 oz",
    "price":1.49,
    "unit_price":"$5.96\/lb",
    "sales_count":null,
    "image_url":"https:\/\/img08.weeecdn.net\/item\/image\/221\/986\/1E3105ED4C740585.jpg!c560x560_q80.auto",
    "source_url":"https:\/\/www.sayweee.com\/en\/category\/green02\/Peppers?page=1&offset=0&filters=%7B%22catalogue_num%22%3A%22green02%22%7D&trigger_type=taxonomy_green02&filter_sub_category=green"
  },
  {
    "category":"veg",
    "product_name":"Green Jalapeño 2 lb",
    "price":3.79,
    "unit_price":"$1.89\/lb",
    "sales_count":800.0,
    "image_url":"https:\/\/img08.weeecdn.net\/item\/image\/343\/595\/7BD73E430E6BD604.jpg!c560x560_q80.auto",
    "source_url":"https:\/\/www.sayweee.com\/en\/category\/green02\/Peppers?page=1&offset=0&filters=%7B%22catalogue_num%22%3A%22green02%22%7D&trigger_type=taxonomy_green02&filter_sub_category=green"
  },
  {
    "category":"veg",
    "product_name":"Red Bell Pepper 2 lb",
    "price":4.79,
    "unit_price":"$2.39\/lb",
    "sales_count":300.0,
    "image_url":"https:\/\/img08.weeecdn.net\/product\/image\/809\/555\/123E0C54B5B890E7.jpeg!c560x560_q80.auto",
    "source_url":"https:\/\/www.sayweee.com\/en\/category\/green02\/Peppers?page=1&offset=0&filters=%7B%22catalogue_num%22%3A%22green02%22%7D&trigger_type=taxonomy_green02&filter_sub_category=green"
  },
  {
    "category":"veg",
    "product_name":"Shishito Pepper 8 oz",
    "price":3.29,
    "unit_price":"$6.58\/lb",
    "sales_count":1.0,
    "image_url":"https:\/\/img08.weeecdn.net\/item\/image\/844\/788\/5D6A508CDE104048.jpg!c560x560_q80.auto",
    "source_url":"https:\/\/www.sayweee.com\/en\/category\/green02\/Peppers?page=1&offset=0&filters=%7B%22catalogue_num%22%3A%22green02%22%7D&trigger_type=taxonomy_green02&filter_sub_category=green"
  },
  {
    "category":"veg",
    "product_name":"Cachucha\/Gustoso (Ají Dulce) 8 oz",
    "price":2.49,
    "unit_price":"$4.98\/lb",
    "sales_count":50.0,
    "image_url":"https:\/\/img08.weeecdn.net\/product\/image\/634\/232\/24B8E0BC86088AF5.jpeg!c560x560_q80.auto",
    "source_url":"https:\/\/www.sayweee.com\/en\/category\/green02\/Peppers?page=1&offset=0&filters=%7B%22catalogue_num%22%3A%22green02%22%7D&trigger_type=taxonomy_green02&filter_sub_category=green"
  },
  {
    "category":"veg",
    "product_name":"Korean Chili 1 lb",
    "price":2.79,
    "unit_price":"nan",
    "sales_count":600.0,
    "image_url":"https:\/\/img08.weeecdn.net\/product\/image\/743\/178\/32647D5C9DE81B35.png!c560x560_q80.auto",
    "source_url":"https:\/\/www.sayweee.com\/en\/category\/green02\/Peppers?page=1&offset=0&filters=%7B%22catalogue_num%22%3A%22green02%22%7D&trigger_type=taxonomy_green02&filter_sub_category=green"
  },
  {
    "category":"veg",
    "product_name":"organic green bell pepper 2 count",
    "price":6.29,
    "unit_price":"nan",
    "sales_count":null,
    "image_url":"https:\/\/img08.weeecdn.net\/product\/image\/863\/822\/FDA87D3EBD37EB7.png!c560x560_q80.auto",
    "source_url":"https:\/\/www.sayweee.com\/en\/category\/green02\/Peppers?page=1&offset=0&filters=%7B%22catalogue_num%22%3A%22green02%22%7D&trigger_type=taxonomy_green02&filter_sub_category=green"
  },
  {
    "category":"veg",
    "product_name":"Serrano Chile Peppers 1 lb",
    "price":2.79,
    "unit_price":"nan",
    "sales_count":1.0,
    "image_url":"https:\/\/img08.weeecdn.net\/product\/image\/131\/122\/5C2B0EBCA7B0C4EF.png!c560x560_q80.auto",
    "source_url":"https:\/\/www.sayweee.com\/en\/category\/green02\/Peppers?page=1&offset=0&filters=%7B%22catalogue_num%22%3A%22green02%22%7D&trigger_type=taxonomy_green02&filter_sub_category=green"
  },
  {
    "category":"veg",
    "product_name":"Mini Sweet Peppers 1 lb",
    "price":3.29,
    "unit_price":"nan",
    "sales_count":null,
    "image_url":"https:\/\/img08.weeecdn.net\/product\/image\/563\/334\/2F30DEBA7B397078.jpeg!c560x560_q80.auto",
    "source_url":"https:\/\/www.sayweee.com\/en\/category\/green02\/Peppers?page=1&offset=0&filters=%7B%22catalogue_num%22%3A%22green02%22%7D&trigger_type=taxonomy_green02&filter_sub_category=green"
  },
  {
    "category":"veg",
    "product_name":"Cubanelle Pepper 1 lb",
    "price":1.99,
    "unit_price":"nan",
    "sales_count":300.0,
    "image_url":"https:\/\/img08.weeecdn.net\/product\/image\/782\/905\/25631759647C0B28.png!c560x560_q80.auto",
    "source_url":"https:\/\/www.sayweee.com\/en\/category\/green02\/Peppers?page=1&offset=0&filters=%7B%22catalogue_num%22%3A%22green02%22%7D&trigger_type=taxonomy_green02&filter_sub_category=green"
  },
  {
    "category":"veg",
    "product_name":"Poblano Pepper 1 lb",
    "price":2.29,
    "unit_price":"nan",
    "sales_count":200.0,
    "image_url":"https:\/\/img08.weeecdn.net\/item\/image\/765\/140\/4CED61B956FA3015.jpg!c560x560_q80.auto",
    "source_url":"https:\/\/www.sayweee.com\/en\/category\/green02\/Peppers?page=1&offset=0&filters=%7B%22catalogue_num%22%3A%22green02%22%7D&trigger_type=taxonomy_green02&filter_sub_category=green"
  },
  {
    "category":"veg",
    "product_name":"Anaheim Peppers 1.95-2.05 lb",
    "price":8.49,
    "unit_price":"$4.24\/lb",
    "sales_count":500.0,
    "image_url":"https:\/\/img08.weeecdn.net\/item\/image\/442\/317\/E3F77AE27BA68E4.jpg!c560x560_q80.auto",
    "source_url":"https:\/\/www.sayweee.com\/en\/category\/green02\/Peppers?page=1&offset=0&filters=%7B%22catalogue_num%22%3A%22green02%22%7D&trigger_type=taxonomy_green02&filter_sub_category=green"
  },
  {
    "category":"veg",
    "product_name":"Orange Bell Pepper 2 lb",
    "price":2.99,
    "unit_price":"$1.49\/lb",
    "sales_count":50.0,
    "image_url":"https:\/\/img08.weeecdn.net\/product\/image\/542\/156\/69BE5C5BBB79A099.jpeg!c560x560_q80.auto",
    "source_url":"https:\/\/www.sayweee.com\/en\/category\/green02\/Peppers?page=1&offset=0&filters=%7B%22catalogue_num%22%3A%22green02%22%7D&trigger_type=taxonomy_green02&filter_sub_category=green"
  },
  {
    "category":"veg",
    "product_name":"Red Habanero Peppers 4 oz",
    "price":1.79,
    "unit_price":"$7.16\/lb",
    "sales_count":50.0,
    "image_url":"https:\/\/img08.weeecdn.net\/product\/image\/103\/827\/B62B5399EDD7704.png!c560x560_q80.auto",
    "source_url":"https:\/\/www.sayweee.com\/en\/category\/green02\/Peppers?page=1&offset=0&filters=%7B%22catalogue_num%22%3A%22green02%22%7D&trigger_type=taxonomy_green02&filter_sub_category=green"
  },
  {
    "category":"veg",
    "product_name":"Yellow Bell Pepper 2 lb",
    "price":2.99,
    "unit_price":"$1.49\/lb",
    "sales_count":null,
    "image_url":"https:\/\/img08.weeecdn.net\/product\/image\/554\/378\/708F69CC01292C62.jpeg!c560x560_q80.auto",
    "source_url":"https:\/\/www.sayweee.com\/en\/category\/green02\/Peppers?page=1&offset=0&filters=%7B%22catalogue_num%22%3A%22green02%22%7D&trigger_type=taxonomy_green02&filter_sub_category=green"
  },
  {
    "category":"veg",
    "product_name":"Orange Habanero Peppers 4 oz",
    "price":3.79,
    "unit_price":"$15.16\/lb",
    "sales_count":null,
    "image_url":"https:\/\/img08.weeecdn.net\/product\/image\/467\/757\/2A06581D9506E7C8.jpeg!c560x560_q80.auto",
    "source_url":"https:\/\/www.sayweee.com\/en\/category\/green02\/Peppers?page=1&offset=0&filters=%7B%22catalogue_num%22%3A%22green02%22%7D&trigger_type=taxonomy_green02&filter_sub_category=green"
  },
  {
    "category":"veg",
    "product_name":"Thai Chilis Xiaomi Pepper, 1 bag 226 g",
    "price":2.29,
    "unit_price":"$4.58\/lb",
    "sales_count":null,
    "image_url":"https:\/\/img08.weeecdn.net\/item\/image\/571\/434\/5941842283970A3F.jpg!c560x560_q80.auto",
    "source_url":"https:\/\/www.sayweee.com\/en\/category\/green02\/Peppers?page=1&offset=0&filters=%7B%22catalogue_num%22%3A%22green02%22%7D&trigger_type=taxonomy_green02&filter_sub_category=green"
  },
  {
    "category":"veg",
    "product_name":"Shishito Peppers 1 lb",
    "price":4.29,
    "unit_price":"nan",
    "sales_count":null,
    "image_url":"https:\/\/img08.weeecdn.net\/item\/image\/343\/908\/11730EA7D0A4768.jpg!c560x560_q80.auto",
    "source_url":"https:\/\/www.sayweee.com\/en\/category\/green02\/Peppers?page=1&offset=0&filters=%7B%22catalogue_num%22%3A%22green02%22%7D&trigger_type=taxonomy_green02&filter_sub_category=green"
  },
  {
    "category":"veg",
    "product_name":"Cheongyang Chili Pepper 1 lb",
    "price":9.49,
    "unit_price":"nan",
    "sales_count":null,
    "image_url":"https:\/\/img08.weeecdn.net\/product\/image\/668\/660\/17DA01B5AFDDC590.jpeg!c560x560_q80.auto",
    "source_url":"https:\/\/www.sayweee.com\/en\/category\/green02\/Peppers?page=1&offset=0&filters=%7B%22catalogue_num%22%3A%22green02%22%7D&trigger_type=taxonomy_green02&filter_sub_category=green"
  },
  {
    "category":"veg",
    "product_name":"Green Onion 1 bunch",
    "price":0.69,
    "unit_price":"nan",
    "sales_count":1.0,
    "image_url":"https:\/\/img08.weeecdn.net\/product\/image\/488\/226\/459F41F9ADB276DC.png!c560x560_q80.auto",
    "source_url":"https:\/\/www.sayweee.com\/en\/category\/green13\/Herbs?page=1&offset=0&filters=%7B%22catalogue_num%22%3A%22green13%22%7D&trigger_type=taxonomy_green13&filter_sub_category=green"
  },
  {
    "category":"veg",
    "product_name":"Ginger 0.95-1.05 lb",
    "price":1.49,
    "unit_price":"nan",
    "sales_count":null,
    "image_url":"https:\/\/img08.weeecdn.net\/item\/image\/277\/114\/663D0D07ACFD0A59.jpg!c560x560_q80.auto",
    "source_url":"https:\/\/www.sayweee.com\/en\/category\/green13\/Herbs?page=1&offset=0&filters=%7B%22catalogue_num%22%3A%22green13%22%7D&trigger_type=taxonomy_green13&filter_sub_category=green"
  },
  {
    "category":"veg",
    "product_name":"Cilantro 1 bunch",
    "price":0.79,
    "unit_price":"nan",
    "sales_count":1.0,
    "image_url":"https:\/\/img08.weeecdn.net\/product\/image\/952\/568\/4BC2C8CF67C84ECF.png!c560x560_q80.auto",
    "source_url":"https:\/\/www.sayweee.com\/en\/category\/green13\/Herbs?page=1&offset=0&filters=%7B%22catalogue_num%22%3A%22green13%22%7D&trigger_type=taxonomy_green13&filter_sub_category=green"
  },
  {
    "category":"veg",
    "product_name":"Fresh Peeled Garlic 1 lb",
    "price":3.99,
    "unit_price":"nan",
    "sales_count":null,
    "image_url":"https:\/\/img08.weeecdn.net\/product\/image\/672\/808\/21A3A06C4090B277.png!c560x560_q80.auto",
    "source_url":"https:\/\/www.sayweee.com\/en\/category\/green13\/Herbs?page=1&offset=0&filters=%7B%22catalogue_num%22%3A%22green13%22%7D&trigger_type=taxonomy_green13&filter_sub_category=green"
  },
  {
    "category":"veg",
    "product_name":"Sleeved Garlic Pack, 5ct 1 each",
    "price":2.29,
    "unit_price":"nan",
    "sales_count":null,
    "image_url":"https:\/\/img08.weeecdn.net\/item\/image\/968\/544\/C6EF3EF61CFCCE3.jpg!c560x560_q80.auto",
    "source_url":"https:\/\/www.sayweee.com\/en\/category\/green13\/Herbs?page=1&offset=0&filters=%7B%22catalogue_num%22%3A%22green13%22%7D&trigger_type=taxonomy_green13&filter_sub_category=green"
  },
  {
    "category":"veg",
    "product_name":"Lemon Grass 1 lb",
    "price":1.49,
    "unit_price":"nan",
    "sales_count":1.0,
    "image_url":"https:\/\/img08.weeecdn.net\/product\/image\/870\/252\/EC9F2A69AE83E1E.png!c560x560_q80.auto",
    "source_url":"https:\/\/www.sayweee.com\/en\/category\/green13\/Herbs?page=1&offset=0&filters=%7B%22catalogue_num%22%3A%22green13%22%7D&trigger_type=taxonomy_green13&filter_sub_category=green"
  },
  {
    "category":"veg",
    "product_name":"Curry Leaves 0.25 oz",
    "price":0.49,
    "unit_price":"$24.50\/lb",
    "sales_count":1.0,
    "image_url":"https:\/\/img08.weeecdn.net\/product\/image\/622\/509\/1C96B06D8DFD4BDB.png!c560x560_q80.auto",
    "source_url":"https:\/\/www.sayweee.com\/en\/category\/green13\/Herbs?page=1&offset=0&filters=%7B%22catalogue_num%22%3A%22green13%22%7D&trigger_type=taxonomy_green13&filter_sub_category=green"
  },
  {
    "category":"veg",
    "product_name":"Green Chives 0.9-1.1 lb",
    "price":5.29,
    "unit_price":"nan",
    "sales_count":1.0,
    "image_url":"https:\/\/img08.weeecdn.net\/product\/image\/705\/515\/63687D936A57CDDA.png!c560x560_q80.auto",
    "source_url":"https:\/\/www.sayweee.com\/en\/category\/green13\/Herbs?page=1&offset=0&filters=%7B%22catalogue_num%22%3A%22green13%22%7D&trigger_type=taxonomy_green13&filter_sub_category=green"
  },
  {
    "category":"veg",
    "product_name":"Thai Basil 0.5 lb",
    "price":6.29,
    "unit_price":"$12.58\/lb",
    "sales_count":null,
    "image_url":"https:\/\/img08.weeecdn.net\/product\/image\/533\/682\/1215AA86F059ECAF.png!c560x560_q80.auto",
    "source_url":"https:\/\/www.sayweee.com\/en\/category\/green13\/Herbs?page=1&offset=0&filters=%7B%22catalogue_num%22%3A%22green13%22%7D&trigger_type=taxonomy_green13&filter_sub_category=green"
  },
  {
    "category":"veg",
    "product_name":"Mint 1 bunch",
    "price":2.29,
    "unit_price":"nan",
    "sales_count":1.0,
    "image_url":"https:\/\/img08.weeecdn.net\/product\/image\/253\/588\/5C1D56813C2924EB.png!c560x560_q80.auto",
    "source_url":"https:\/\/www.sayweee.com\/en\/category\/green13\/Herbs?page=1&offset=0&filters=%7B%22catalogue_num%22%3A%22green13%22%7D&trigger_type=taxonomy_green13&filter_sub_category=green"
  },
  {
    "category":"veg",
    "product_name":"Methi Leaves (Fenugreek) 0.75 oz",
    "price":2.29,
    "unit_price":"$45.80\/lb",
    "sales_count":900.0,
    "image_url":"https:\/\/img08.weeecdn.net\/product\/image\/594\/036\/5259773EA8DC131E.png!c560x560_q80.auto",
    "source_url":"https:\/\/www.sayweee.com\/en\/category\/green13\/Herbs?page=1&offset=0&filters=%7B%22catalogue_num%22%3A%22green13%22%7D&trigger_type=taxonomy_green13&filter_sub_category=green"
  },
  {
    "category":"veg",
    "product_name":"Leeks 1 bunch",
    "price":1.99,
    "unit_price":"nan",
    "sales_count":null,
    "image_url":"https:\/\/img08.weeecdn.net\/product\/image\/585\/911\/5389195B0E808799.png!c560x560_q80.auto",
    "source_url":"https:\/\/www.sayweee.com\/en\/category\/green13\/Herbs?page=1&offset=0&filters=%7B%22catalogue_num%22%3A%22green13%22%7D&trigger_type=taxonomy_green13&filter_sub_category=green"
  },
  {
    "category":"veg",
    "product_name":"Cilantro with Root 1 bunch",
    "price":1.79,
    "unit_price":"nan",
    "sales_count":900.0,
    "image_url":"https:\/\/img08.weeecdn.net\/product\/image\/445\/046\/7D0EF415622D1D88.png!c560x560_q80.auto",
    "source_url":"https:\/\/www.sayweee.com\/en\/category\/green13\/Herbs?page=1&offset=0&filters=%7B%22catalogue_num%22%3A%22green13%22%7D&trigger_type=taxonomy_green13&filter_sub_category=green"
  },
  {
    "category":"veg",
    "product_name":"Ngo gai - Culantro 1 bunch",
    "price":1.29,
    "unit_price":"nan",
    "sales_count":800.0,
    "image_url":"https:\/\/img08.weeecdn.net\/product\/image\/901\/701\/55B6208EBA1B0F31.jpeg!c560x560_q80.auto",
    "source_url":"https:\/\/www.sayweee.com\/en\/category\/green13\/Herbs?page=1&offset=0&filters=%7B%22catalogue_num%22%3A%22green13%22%7D&trigger_type=taxonomy_green13&filter_sub_category=green"
  },
  {
    "category":"veg",
    "product_name":"Fresh Dill 1 bunch",
    "price":2.29,
    "unit_price":"nan",
    "sales_count":1.0,
    "image_url":"https:\/\/img08.weeecdn.net\/product\/image\/910\/019\/6FDD7A54F7B98716.png!c560x560_q80.auto",
    "source_url":"https:\/\/www.sayweee.com\/en\/category\/green13\/Herbs?page=1&offset=0&filters=%7B%22catalogue_num%22%3A%22green13%22%7D&trigger_type=taxonomy_green13&filter_sub_category=green"
  },
  {
    "category":"veg",
    "product_name":"Paan (Betel Leaves) 0.75 oz",
    "price":0.79,
    "unit_price":"$15.80\/lb",
    "sales_count":200.0,
    "image_url":"https:\/\/img08.weeecdn.net\/product\/image\/650\/667\/46FEC901F9E5ECF8.png!c560x560_q80.auto",
    "source_url":"https:\/\/www.sayweee.com\/en\/category\/green13\/Herbs?page=1&offset=0&filters=%7B%22catalogue_num%22%3A%22green13%22%7D&trigger_type=taxonomy_green13&filter_sub_category=green"
  },
  {
    "category":"veg",
    "product_name":"Basil 0.75 oz",
    "price":2.79,
    "unit_price":"$55.80\/lb",
    "sales_count":200.0,
    "image_url":"https:\/\/img08.weeecdn.net\/item\/image\/593\/790\/57231E3608526D80.jpg!c560x560_q80.auto",
    "source_url":"https:\/\/www.sayweee.com\/en\/category\/green13\/Herbs?page=1&offset=0&filters=%7B%22catalogue_num%22%3A%22green13%22%7D&trigger_type=taxonomy_green13&filter_sub_category=green"
  },
  {
    "category":"veg",
    "product_name":"Organic Ginger 1 lb",
    "price":6.29,
    "unit_price":"nan",
    "sales_count":200.0,
    "image_url":"https:\/\/img08.weeecdn.net\/product\/image\/064\/134\/6E889299EFCD8BD0.jpeg!c560x560_q80.auto",
    "source_url":"https:\/\/www.sayweee.com\/en\/category\/green13\/Herbs?page=1&offset=0&filters=%7B%22catalogue_num%22%3A%22green13%22%7D&trigger_type=taxonomy_green13&filter_sub_category=green"
  },
  {
    "category":"veg",
    "product_name":"Italian Plain Parsley 1 bunch",
    "price":0.79,
    "unit_price":"nan",
    "sales_count":600.0,
    "image_url":"https:\/\/img08.weeecdn.net\/product\/image\/489\/647\/79D6885848847902.png!c560x560_q80.auto",
    "source_url":"https:\/\/www.sayweee.com\/en\/category\/green13\/Herbs?page=1&offset=0&filters=%7B%22catalogue_num%22%3A%22green13%22%7D&trigger_type=taxonomy_green13&filter_sub_category=green"
  },
  {
    "category":"veg",
    "product_name":"American Leek 1 bunch",
    "price":3.79,
    "unit_price":"nan",
    "sales_count":400.0,
    "image_url":"https:\/\/img08.weeecdn.net\/product\/image\/903\/224\/B4CC9B2079A67F8.png!c560x560_q80.auto",
    "source_url":"https:\/\/www.sayweee.com\/en\/category\/green13\/Herbs?page=1&offset=0&filters=%7B%22catalogue_num%22%3A%22green13%22%7D&trigger_type=taxonomy_green13&filter_sub_category=green"
  },
  {
    "category":"veg",
    "product_name":"Hung Cay (Pepper Mint) 1 bunch",
    "price":1.29,
    "unit_price":"nan",
    "sales_count":400.0,
    "image_url":"https:\/\/img08.weeecdn.net\/product\/image\/116\/086\/113DB75B4B10B7B8.jpeg!c560x560_q80.auto",
    "source_url":"https:\/\/www.sayweee.com\/en\/category\/green13\/Herbs?page=1&offset=0&filters=%7B%22catalogue_num%22%3A%22green13%22%7D&trigger_type=taxonomy_green13&filter_sub_category=green"
  },
  {
    "category":"veg",
    "product_name":"Green Shiso (Ohba) Leaves 10 bunch",
    "price":13.99,
    "unit_price":"nan",
    "sales_count":200.0,
    "image_url":"https:\/\/img08.weeecdn.net\/product\/image\/147\/158\/68B9B5A311360E3C.png!c560x560_q80.auto",
    "source_url":"https:\/\/www.sayweee.com\/en\/category\/green13\/Herbs?page=1&offset=0&filters=%7B%22catalogue_num%22%3A%22green13%22%7D&trigger_type=taxonomy_green13&filter_sub_category=green"
  },
  {
    "category":"veg",
    "product_name":"Rosemary 0.75 oz",
    "price":2.79,
    "unit_price":"$55.80\/lb",
    "sales_count":100.0,
    "image_url":"https:\/\/img08.weeecdn.net\/item\/image\/306\/170\/5E826A7AA776EFD.jpg!c560x560_q80.auto",
    "source_url":"https:\/\/www.sayweee.com\/en\/category\/green13\/Herbs?page=1&offset=0&filters=%7B%22catalogue_num%22%3A%22green13%22%7D&trigger_type=taxonomy_green13&filter_sub_category=green"
  },
  {
    "category":"veg",
    "product_name":"Myoga Ginger 50 g",
    "price":10.49,
    "unit_price":"$95.36\/lb",
    "sales_count":50.0,
    "image_url":"https:\/\/img08.weeecdn.net\/product\/image\/719\/470\/2855681CE694260E.png!c560x560_q80.auto",
    "source_url":"https:\/\/www.sayweee.com\/en\/category\/green13\/Herbs?page=1&offset=0&filters=%7B%22catalogue_num%22%3A%22green13%22%7D&trigger_type=taxonomy_green13&filter_sub_category=green"
  },
  {
    "category":"veg",
    "product_name":"Thyme 1 each",
    "price":2.79,
    "unit_price":"nan",
    "sales_count":null,
    "image_url":"https:\/\/img08.weeecdn.net\/item\/image\/681\/906\/187A8BFE59C8391F.jpg!c560x560_q80.auto",
    "source_url":"https:\/\/www.sayweee.com\/en\/category\/green13\/Herbs?page=1&offset=0&filters=%7B%22catalogue_num%22%3A%22green13%22%7D&trigger_type=taxonomy_green13&filter_sub_category=green"
  },
  {
    "category":"veg",
    "product_name":"Asiatic Pennywort 1 lb",
    "price":10.49,
    "unit_price":"nan",
    "sales_count":100.0,
    "image_url":"https:\/\/img08.weeecdn.net\/product\/image\/378\/465\/2FC224F822132AED.png!c560x560_q80.auto",
    "source_url":"https:\/\/www.sayweee.com\/en\/category\/green13\/Herbs?page=1&offset=0&filters=%7B%22catalogue_num%22%3A%22green13%22%7D&trigger_type=taxonomy_green13&filter_sub_category=green"
  },
  {
    "category":"veg",
    "product_name":"Bay Leaves 0.75 oz",
    "price":2.79,
    "unit_price":"$55.80\/lb",
    "sales_count":null,
    "image_url":"https:\/\/img08.weeecdn.net\/item\/image\/060\/409\/372A97248D051374.jpg!c560x560_q80.auto",
    "source_url":"https:\/\/www.sayweee.com\/en\/category\/green13\/Herbs?page=1&offset=0&filters=%7B%22catalogue_num%22%3A%22green13%22%7D&trigger_type=taxonomy_green13&filter_sub_category=green"
  },
  {
    "category":"veg",
    "product_name":"Tarragon Herb 0.75 oz",
    "price":2.79,
    "unit_price":"$55.80\/lb",
    "sales_count":null,
    "image_url":"https:\/\/img08.weeecdn.net\/item\/image\/041\/355\/19539474BA361698.jpg!c560x560_q80.auto",
    "source_url":"https:\/\/www.sayweee.com\/en\/category\/green13\/Herbs?page=1&offset=0&filters=%7B%22catalogue_num%22%3A%22green13%22%7D&trigger_type=taxonomy_green13&filter_sub_category=green"
  },
  {
    "category":"veg",
    "product_name":"Sage 1 each",
    "price":2.79,
    "unit_price":"nan",
    "sales_count":null,
    "image_url":"https:\/\/img08.weeecdn.net\/item\/image\/670\/759\/2380E82AB382194A.jpg!c560x560_q80.auto",
    "source_url":"https:\/\/www.sayweee.com\/en\/category\/green13\/Herbs?page=1&offset=0&filters=%7B%22catalogue_num%22%3A%22green13%22%7D&trigger_type=taxonomy_green13&filter_sub_category=green"
  },
  {
    "category":"veg",
    "product_name":"Marjoram Herb 0.75 oz",
    "price":2.79,
    "unit_price":"$55.80\/lb",
    "sales_count":null,
    "image_url":"https:\/\/img08.weeecdn.net\/product\/image\/973\/901\/49F92F7863F985CD.jpeg!c560x560_q80.auto",
    "source_url":"https:\/\/www.sayweee.com\/en\/category\/green13\/Herbs?page=1&offset=0&filters=%7B%22catalogue_num%22%3A%22green13%22%7D&trigger_type=taxonomy_green13&filter_sub_category=green"
  },
  {
    "category":"veg",
    "product_name":"Oregano Herb 0.75 oz",
    "price":2.79,
    "unit_price":"$55.80\/lb",
    "sales_count":null,
    "image_url":"https:\/\/img08.weeecdn.net\/item\/image\/217\/471\/10619BFA6EA9657A.jpg!c560x560_q80.auto",
    "source_url":"https:\/\/www.sayweee.com\/en\/category\/green13\/Herbs?page=1&offset=0&filters=%7B%22catalogue_num%22%3A%22green13%22%7D&trigger_type=taxonomy_green13&filter_sub_category=green"
  },
  {
    "category":"veg",
    "product_name":"Organic Living Sage 1 each",
    "price":4.29,
    "unit_price":"nan",
    "sales_count":null,
    "image_url":"https:\/\/img08.weeecdn.net\/product\/image\/501\/433\/69997D8985E51202.png!c560x560_q80.auto",
    "source_url":"https:\/\/www.sayweee.com\/en\/category\/green13\/Herbs?page=1&offset=0&filters=%7B%22catalogue_num%22%3A%22green13%22%7D&trigger_type=taxonomy_green13&filter_sub_category=green"
  },
  {
    "category":"veg",
    "product_name":"Turmeric 8 oz",
    "price":6.29,
    "unit_price":"$12.58\/lb",
    "sales_count":400.0,
    "image_url":"https:\/\/img08.weeecdn.net\/product\/image\/829\/870\/D96398B27AC1529.png!c560x560_q80.auto",
    "source_url":"https:\/\/www.sayweee.com\/en\/category\/green13\/Herbs?page=1&offset=0&filters=%7B%22catalogue_num%22%3A%22green13%22%7D&trigger_type=taxonomy_green13&filter_sub_category=green"
  },
  {
    "category":"veg",
    "product_name":"Perilla Leaf 1 each",
    "price":1.99,
    "unit_price":"nan",
    "sales_count":1.0,
    "image_url":"https:\/\/img08.weeecdn.net\/product\/image\/191\/706\/55D57102BD1EB3CF.png!c560x560_q80.auto",
    "source_url":"https:\/\/www.sayweee.com\/en\/category\/green13\/Herbs?page=1&offset=0&filters=%7B%22catalogue_num%22%3A%22green13%22%7D&trigger_type=taxonomy_green13&filter_sub_category=green"
  },
  {
    "category":"veg",
    "product_name":"La Chanh Lime Leaves 50 g",
    "price":4.29,
    "unit_price":"$39.00\/lb",
    "sales_count":200.0,
    "image_url":"https:\/\/img08.weeecdn.net\/item\/image\/789\/669\/6221E8DFD7D29610.jpg!c560x560_q80.auto",
    "source_url":"https:\/\/www.sayweee.com\/en\/category\/green13\/Herbs?page=1&offset=0&filters=%7B%22catalogue_num%22%3A%22green13%22%7D&trigger_type=taxonomy_green13&filter_sub_category=green"
  },
  {
    "category":"veg",
    "product_name":"Galangal 1 lb",
    "price":9.49,
    "unit_price":"nan",
    "sales_count":200.0,
    "image_url":"https:\/\/img08.weeecdn.net\/item\/image\/373\/306\/323C161083FF0E36.jpg!c560x560_q80.auto",
    "source_url":"https:\/\/www.sayweee.com\/en\/category\/green13\/Herbs?page=1&offset=0&filters=%7B%22catalogue_num%22%3A%22green13%22%7D&trigger_type=taxonomy_green13&filter_sub_category=green"
  },
  {
    "category":"veg",
    "product_name":"Purple Perilla 1 bunch",
    "price":1.79,
    "unit_price":"nan",
    "sales_count":1.0,
    "image_url":"https:\/\/img08.weeecdn.net\/item\/image\/190\/430\/27740FA98919BC9E.jpg!c560x560_q80.auto",
    "source_url":"https:\/\/www.sayweee.com\/en\/category\/green13\/Herbs?page=1&offset=0&filters=%7B%22catalogue_num%22%3A%22green13%22%7D&trigger_type=taxonomy_green13&filter_sub_category=green"
  },
  {
    "category":"veg",
    "product_name":"Perilla leaves 1 bunch",
    "price":1.79,
    "unit_price":"nan",
    "sales_count":500.0,
    "image_url":"https:\/\/img08.weeecdn.net\/product\/image\/079\/107\/562AE3EEA5724C0F.png!c560x560_q80.auto",
    "source_url":"https:\/\/www.sayweee.com\/en\/category\/green13\/Herbs?page=1&offset=0&filters=%7B%22catalogue_num%22%3A%22green13%22%7D&trigger_type=taxonomy_green13&filter_sub_category=green"
  },
  {
    "category":"veg",
    "product_name":"Tokyo Negi 1 bunch",
    "price":3.79,
    "unit_price":"nan",
    "sales_count":900.0,
    "image_url":"https:\/\/img08.weeecdn.net\/product\/image\/494\/876\/193E9D7CDF5BA996.png!c560x560_q80.auto",
    "source_url":"https:\/\/www.sayweee.com\/en\/category\/green13\/Herbs?page=1&offset=0&filters=%7B%22catalogue_num%22%3A%22green13%22%7D&trigger_type=taxonomy_green13&filter_sub_category=green"
  },
  {
    "category":"veg",
    "product_name":"Epazote 1 bunch",
    "price":0.99,
    "unit_price":"nan",
    "sales_count":50.0,
    "image_url":"https:\/\/img08.weeecdn.net\/item\/image\/471\/803\/40ADD720AEF6EF21.jpg!c560x560_q80.auto",
    "source_url":"https:\/\/www.sayweee.com\/en\/category\/green13\/Herbs?page=1&offset=0&filters=%7B%22catalogue_num%22%3A%22green13%22%7D&trigger_type=taxonomy_green13&filter_sub_category=green"
  },
  {
    "category":"veg",
    "product_name":"Organic Living Rosemary 1 each",
    "price":4.29,
    "unit_price":"nan",
    "sales_count":null,
    "image_url":"https:\/\/img08.weeecdn.net\/product\/image\/456\/732\/FF19F905CADA802.jpeg!c560x560_q80.auto",
    "source_url":"https:\/\/www.sayweee.com\/en\/category\/green13\/Herbs?page=1&offset=0&filters=%7B%22catalogue_num%22%3A%22green13%22%7D&trigger_type=taxonomy_green13&filter_sub_category=green"
  },
  {
    "category":"veg",
    "product_name":"Organic Living Thai Basil 1 each",
    "price":4.29,
    "unit_price":"nan",
    "sales_count":null,
    "image_url":"https:\/\/img08.weeecdn.net\/product\/image\/171\/155\/492EA66C5801AC76.jpeg!c560x560_q80.auto",
    "source_url":"https:\/\/www.sayweee.com\/en\/category\/green13\/Herbs?page=1&offset=0&filters=%7B%22catalogue_num%22%3A%22green13%22%7D&trigger_type=taxonomy_green13&filter_sub_category=green"
  },
  {
    "category":"veg",
    "product_name":"Organic Living Thyme 1 each",
    "price":4.29,
    "unit_price":"nan",
    "sales_count":null,
    "image_url":"https:\/\/img08.weeecdn.net\/product\/image\/223\/219\/3EC597FDB32A2D21.jpeg!c560x560_q80.auto",
    "source_url":"https:\/\/www.sayweee.com\/en\/category\/green13\/Herbs?page=1&offset=0&filters=%7B%22catalogue_num%22%3A%22green13%22%7D&trigger_type=taxonomy_green13&filter_sub_category=green"
  },
  {
    "category":"veg",
    "product_name":"Organic Living Chives 1 each",
    "price":4.29,
    "unit_price":"nan",
    "sales_count":null,
    "image_url":"https:\/\/img08.weeecdn.net\/product\/image\/177\/071\/60A5362D65EBA6C2.jpeg!c560x560_q80.auto",
    "source_url":"https:\/\/www.sayweee.com\/en\/category\/green13\/Herbs?page=1&offset=0&filters=%7B%22catalogue_num%22%3A%22green13%22%7D&trigger_type=taxonomy_green13&filter_sub_category=green"
  },
  {
    "category":"veg",
    "product_name":"Organic Living Basil 1 each",
    "price":4.29,
    "unit_price":"nan",
    "sales_count":null,
    "image_url":"https:\/\/img08.weeecdn.net\/product\/image\/986\/817\/5FDE70530E943C58.jpeg!c560x560_q80.auto",
    "source_url":"https:\/\/www.sayweee.com\/en\/category\/green13\/Herbs?page=1&offset=0&filters=%7B%22catalogue_num%22%3A%22green13%22%7D&trigger_type=taxonomy_green13&filter_sub_category=green"
  },
  {
    "category":"veg",
    "product_name":"Squash Blossom 12 count 1 box",
    "price":36.99,
    "unit_price":"nan",
    "sales_count":null,
    "image_url":"https:\/\/img08.weeecdn.net\/product\/image\/401\/205\/251DD29740796EC3.jpeg!c560x560_q80.auto",
    "source_url":"https:\/\/www.sayweee.com\/en\/category\/green13\/Herbs?page=1&offset=0&filters=%7B%22catalogue_num%22%3A%22green13%22%7D&trigger_type=taxonomy_green13&filter_sub_category=green"
  },
  {
    "category":"veg",
    "product_name":"Bi-Color Corn 1 count",
    "price":0.79,
    "unit_price":"nan",
    "sales_count":1.0,
    "image_url":"https:\/\/img08.weeecdn.net\/item\/image\/420\/592\/E3EFC7AADC5B083.jpg!c560x560_q80.auto",
    "source_url":"https:\/\/www.sayweee.com\/en\/category\/green12\/Corn?page=1&offset=0&filters=%7B%22catalogue_num%22%3A%22green12%22%7D&trigger_type=taxonomy_green12&filter_sub_category=green"
  },
  {
    "category":"veg",
    "product_name":"Yellow Corn 1 count",
    "price":0.79,
    "unit_price":"nan",
    "sales_count":1.0,
    "image_url":"https:\/\/img08.weeecdn.net\/product\/image\/894\/547\/1EB03E5086A8D981.png!c560x560_q80.auto",
    "source_url":"https:\/\/www.sayweee.com\/en\/category\/green12\/Corn?page=1&offset=0&filters=%7B%22catalogue_num%22%3A%22green12%22%7D&trigger_type=taxonomy_green12&filter_sub_category=green"
  },
  {
    "category":"veg",
    "product_name":"Tray Packed Sweet Corn 4pcs 1 each",
    "price":4.79,
    "unit_price":"nan",
    "sales_count":100.0,
    "image_url":"https:\/\/img08.weeecdn.net\/product\/image\/010\/853\/54E6F277F31699F.jpeg!c560x560_q80.auto",
    "source_url":"https:\/\/www.sayweee.com\/en\/category\/green12\/Corn?page=1&offset=0&filters=%7B%22catalogue_num%22%3A%22green12%22%7D&trigger_type=taxonomy_green12&filter_sub_category=green"
  },
  {
    "category":"veg",
    "product_name":"Purple Glutinous Corn 1 count",
    "price":2.29,
    "unit_price":"nan",
    "sales_count":500.0,
    "image_url":"https:\/\/img08.weeecdn.net\/item\/image\/520\/124\/704E01453B8C15DD.jpg!c560x560_q80.auto",
    "source_url":"https:\/\/www.sayweee.com\/en\/category\/green12\/Corn?page=1&offset=0&filters=%7B%22catalogue_num%22%3A%22green12%22%7D&trigger_type=taxonomy_green12&filter_sub_category=green"
  },
  {
    "category":"veg",
    "product_name":"White Corn 1 count",
    "price":0.79,
    "unit_price":"nan",
    "sales_count":300.0,
    "image_url":"https:\/\/img08.weeecdn.net\/item\/image\/841\/143\/5EE2F9D9FB72EEF3.jpg!c560x560_q80.auto",
    "source_url":"https:\/\/www.sayweee.com\/en\/category\/green12\/Corn?page=1&offset=0&filters=%7B%22catalogue_num%22%3A%22green12%22%7D&trigger_type=taxonomy_green12&filter_sub_category=green"
  },
  {
    "category":"veg",
    "product_name":"Tri-Color Sticky Corn 1 count",
    "price":2.29,
    "unit_price":"nan",
    "sales_count":1.0,
    "image_url":"https:\/\/img08.weeecdn.net\/product\/image\/202\/501\/A476C5055FF3E77.png!c560x560_q80.auto",
    "source_url":"https:\/\/www.sayweee.com\/en\/category\/green12\/Corn?page=1&offset=0&filters=%7B%22catalogue_num%22%3A%22green12%22%7D&trigger_type=taxonomy_green12&filter_sub_category=green"
  },
  {
    "category":"veg",
    "product_name":"Baby Corn 8 oz",
    "price":6.29,
    "unit_price":"$12.58\/lb",
    "sales_count":50.0,
    "image_url":"https:\/\/img08.weeecdn.net\/product\/image\/128\/635\/3512725AA391D8A8.jpeg!c560x560_q80.auto",
    "source_url":"https:\/\/www.sayweee.com\/en\/category\/green12\/Corn?page=1&offset=0&filters=%7B%22catalogue_num%22%3A%22green12%22%7D&trigger_type=taxonomy_green12&filter_sub_category=green"
  },
  {
    "category":"veg",
    "product_name":"Baby Corn 227 g",
    "price":3.29,
    "unit_price":"$6.58\/lb",
    "sales_count":900.0,
    "image_url":"https:\/\/img08.weeecdn.net\/product\/image\/645\/071\/62AF6AFB0F015B8F.png!c560x560_q80.auto",
    "source_url":"https:\/\/www.sayweee.com\/en\/category\/green12\/Corn?page=1&offset=0&filters=%7B%22catalogue_num%22%3A%22green12%22%7D&trigger_type=taxonomy_green12&filter_sub_category=green"
  },
  {
    "category":"veg",
    "product_name":"Bitter Melon 1-1.3 lb",
    "price":3.29,
    "unit_price":"$2.86\/lb",
    "sales_count":null,
    "image_url":"https:\/\/img08.weeecdn.net\/product\/image\/236\/762\/38C756E4DAE051A4.png!c560x560_q80.auto",
    "source_url":"https:\/\/www.sayweee.com\/en\/category\/green10\/Squash-Zucchini?page=1&offset=0&filters=%7B%22catalogue_num%22%3A%22green10%22%7D&trigger_type=taxonomy_green10&filter_sub_category=green"
  },
  {
    "category":"veg",
    "product_name":"Kabocha approximately 2-2.3lb 1 count",
    "price":6.29,
    "unit_price":"nan",
    "sales_count":null,
    "image_url":"https:\/\/img08.weeecdn.net\/product\/image\/254\/957\/A9A4ADA75475CE1.png!c560x560_q80.auto",
    "source_url":"https:\/\/www.sayweee.com\/en\/category\/green10\/Squash-Zucchini?page=1&offset=0&filters=%7B%22catalogue_num%22%3A%22green10%22%7D&trigger_type=taxonomy_green10&filter_sub_category=green"
  },
  {
    "category":"veg",
    "product_name":"Eggplant 2-3ct 1.9-2.1 lb",
    "price":6.99,
    "unit_price":"$3.49\/lb",
    "sales_count":1.0,
    "image_url":"https:\/\/img08.weeecdn.net\/product\/image\/332\/829\/710A2CA80F178DA5.png!c560x560_q80.auto",
    "source_url":"https:\/\/www.sayweee.com\/en\/category\/green10\/Squash-Zucchini?page=1&offset=0&filters=%7B%22catalogue_num%22%3A%22green10%22%7D&trigger_type=taxonomy_green10&filter_sub_category=green"
  },
  {
    "category":"veg",
    "product_name":"Opo Squash 2.4-2.8 lb",
    "price":5.29,
    "unit_price":"$2.03\/lb",
    "sales_count":1.0,
    "image_url":"https:\/\/img08.weeecdn.net\/product\/image\/800\/424\/34F38FA5E3052A30.png!c560x560_q80.auto",
    "source_url":"https:\/\/www.sayweee.com\/en\/category\/green10\/Squash-Zucchini?page=1&offset=0&filters=%7B%22catalogue_num%22%3A%22green10%22%7D&trigger_type=taxonomy_green10&filter_sub_category=green"
  },
  {
    "category":"veg",
    "product_name":"Globe Eggplant 2 count",
    "price":4.29,
    "unit_price":"nan",
    "sales_count":800.0,
    "image_url":"https:\/\/img08.weeecdn.net\/product\/image\/847\/793\/405D7310FF702211.png!c560x560_q80.auto",
    "source_url":"https:\/\/www.sayweee.com\/en\/category\/green10\/Squash-Zucchini?page=1&offset=0&filters=%7B%22catalogue_num%22%3A%22green10%22%7D&trigger_type=taxonomy_green10&filter_sub_category=green"
  },
  {
    "category":"veg",
    "product_name":"Indian Eggplant 2 lb",
    "price":6.29,
    "unit_price":"$3.14\/lb",
    "sales_count":600.0,
    "image_url":"https:\/\/img08.weeecdn.net\/product\/image\/268\/378\/642AA330F0E808CB.png!c560x560_q80.auto",
    "source_url":"https:\/\/www.sayweee.com\/en\/category\/green10\/Squash-Zucchini?page=1&offset=0&filters=%7B%22catalogue_num%22%3A%22green10%22%7D&trigger_type=taxonomy_green10&filter_sub_category=green"
  },
  {
    "category":"veg",
    "product_name":"Indian Bitter Melon 2 lb",
    "price":6.29,
    "unit_price":"$3.14\/lb",
    "sales_count":500.0,
    "image_url":"https:\/\/img08.weeecdn.net\/product\/image\/255\/915\/31F78F1AB2A4B2DD.png!c560x560_q80.auto",
    "source_url":"https:\/\/www.sayweee.com\/en\/category\/green10\/Squash-Zucchini?page=1&offset=0&filters=%7B%22catalogue_num%22%3A%22green10%22%7D&trigger_type=taxonomy_green10&filter_sub_category=green"
  },
  {
    "category":"veg",
    "product_name":"Green Skin Wintermelon 4.5-6.5 lb",
    "price":8.99,
    "unit_price":"$1.63\/lb",
    "sales_count":null,
    "image_url":"https:\/\/img08.weeecdn.net\/product\/image\/468\/022\/4A31C9AF65BC66AD.png!c560x560_q80.auto",
    "source_url":"https:\/\/www.sayweee.com\/en\/category\/green10\/Squash-Zucchini?page=1&offset=0&filters=%7B%22catalogue_num%22%3A%22green10%22%7D&trigger_type=taxonomy_green10&filter_sub_category=green"
  },
  {
    "category":"veg",
    "product_name":"Zucchini Squash 2 lb",
    "price":4.29,
    "unit_price":"$2.14\/lb",
    "sales_count":1.0,
    "image_url":"https:\/\/img08.weeecdn.net\/product\/image\/519\/298\/25D721C564F2DAA4.png!c560x560_q80.auto",
    "source_url":"https:\/\/www.sayweee.com\/en\/category\/green10\/Squash-Zucchini?page=1&offset=0&filters=%7B%22catalogue_num%22%3A%22green10%22%7D&trigger_type=taxonomy_green10&filter_sub_category=green"
  },
  {
    "category":"veg",
    "product_name":"Ridge Gourd\/Toori 1-1.5 lb",
    "price":3.99,
    "unit_price":"$3.19\/lb",
    "sales_count":null,
    "image_url":"https:\/\/img08.weeecdn.net\/product\/image\/917\/220\/2D418A56EB1BF731.png!c560x560_q80.auto",
    "source_url":"https:\/\/www.sayweee.com\/en\/category\/green10\/Squash-Zucchini?page=1&offset=0&filters=%7B%22catalogue_num%22%3A%22green10%22%7D&trigger_type=taxonomy_green10&filter_sub_category=green"
  },
  {
    "category":"veg",
    "product_name":"Desi Dudhi 1.5-2 lb",
    "price":5.29,
    "unit_price":"$3.02\/lb",
    "sales_count":400.0,
    "image_url":"https:\/\/img08.weeecdn.net\/product\/image\/399\/747\/53939160238FCD84.png!c560x560_q80.auto",
    "source_url":"https:\/\/www.sayweee.com\/en\/category\/green10\/Squash-Zucchini?page=1&offset=0&filters=%7B%22catalogue_num%22%3A%22green10%22%7D&trigger_type=taxonomy_green10&filter_sub_category=green"
  },
  {
    "category":"veg",
    "product_name":"Thai Eggplant Ca Phao 2 lb",
    "price":4.29,
    "unit_price":"$2.14\/lb",
    "sales_count":400.0,
    "image_url":"https:\/\/img08.weeecdn.net\/product\/image\/103\/678\/5A0AE9457F77728F.png!c560x560_q80.auto",
    "source_url":"https:\/\/www.sayweee.com\/en\/category\/green10\/Squash-Zucchini?page=1&offset=0&filters=%7B%22catalogue_num%22%3A%22green10%22%7D&trigger_type=taxonomy_green10&filter_sub_category=green"
  },
  {
    "category":"veg",
    "product_name":"Grey Squash 2-2.2 lb",
    "price":4.79,
    "unit_price":"$2.28\/lb",
    "sales_count":null,
    "image_url":"https:\/\/img08.weeecdn.net\/product\/image\/376\/610\/7E65EB84C24340E5.png!c560x560_q80.auto",
    "source_url":"https:\/\/www.sayweee.com\/en\/category\/green10\/Squash-Zucchini?page=1&offset=0&filters=%7B%22catalogue_num%22%3A%22green10%22%7D&trigger_type=taxonomy_green10&filter_sub_category=green"
  },
  {
    "category":"veg",
    "product_name":"Butternut Squash 1 each",
    "price":3.29,
    "unit_price":"nan",
    "sales_count":300.0,
    "image_url":"https:\/\/img08.weeecdn.net\/item\/image\/892\/595\/4C80CD8DC4A8BDDD.jpg!c560x560_q80.auto",
    "source_url":"https:\/\/www.sayweee.com\/en\/category\/green10\/Squash-Zucchini?page=1&offset=0&filters=%7B%22catalogue_num%22%3A%22green10%22%7D&trigger_type=taxonomy_green10&filter_sub_category=green"
  },
  {
    "category":"veg",
    "product_name":"Taiwan Loofah 3 lb",
    "price":10.49,
    "unit_price":"$3.49\/lb",
    "sales_count":1.0,
    "image_url":"https:\/\/img08.weeecdn.net\/product\/image\/450\/426\/3C64D44C6B844A7C.png!c560x560_q80.auto",
    "source_url":"https:\/\/www.sayweee.com\/en\/category\/green10\/Squash-Zucchini?page=1&offset=0&filters=%7B%22catalogue_num%22%3A%22green10%22%7D&trigger_type=taxonomy_green10&filter_sub_category=green"
  },
  {
    "category":"veg",
    "product_name":"Tindora 1 lb",
    "price":4.29,
    "unit_price":"nan",
    "sales_count":400.0,
    "image_url":"https:\/\/img08.weeecdn.net\/product\/image\/984\/570\/36DE7B20352CCF4D.png!c560x560_q80.auto",
    "source_url":"https:\/\/www.sayweee.com\/en\/category\/green10\/Squash-Zucchini?page=1&offset=0&filters=%7B%22catalogue_num%22%3A%22green10%22%7D&trigger_type=taxonomy_green10&filter_sub_category=green"
  },
  {
    "category":"veg",
    "product_name":"Acorn Squash 1 count",
    "price":2.29,
    "unit_price":"nan",
    "sales_count":100.0,
    "image_url":"https:\/\/img08.weeecdn.net\/product\/image\/733\/987\/11C39422C39B0895.jpeg!c560x560_q80.auto",
    "source_url":"https:\/\/www.sayweee.com\/en\/category\/green10\/Squash-Zucchini?page=1&offset=0&filters=%7B%22catalogue_num%22%3A%22green10%22%7D&trigger_type=taxonomy_green10&filter_sub_category=green"
  },
  {
    "category":"veg",
    "product_name":"Fuzzy Squash 2.3-2.6 lb",
    "price":5.99,
    "unit_price":"$2.44\/lb",
    "sales_count":600.0,
    "image_url":"https:\/\/img08.weeecdn.net\/item\/image\/554\/913\/322848B7CD3F4087.png!c560x560_q80.auto",
    "source_url":"https:\/\/www.sayweee.com\/en\/category\/green10\/Squash-Zucchini?page=1&offset=0&filters=%7B%22catalogue_num%22%3A%22green10%22%7D&trigger_type=taxonomy_green10&filter_sub_category=green"
  },
  {
    "category":"veg",
    "product_name":"Spaghetti Squash 1 count",
    "price":2.79,
    "unit_price":"nan",
    "sales_count":null,
    "image_url":"https:\/\/img08.weeecdn.net\/product\/image\/821\/626\/466F0F58337390A.png!c560x560_q80.auto",
    "source_url":"https:\/\/www.sayweee.com\/en\/category\/green10\/Squash-Zucchini?page=1&offset=0&filters=%7B%22catalogue_num%22%3A%22green10%22%7D&trigger_type=taxonomy_green10&filter_sub_category=green"
  },
  {
    "category":"veg",
    "product_name":"Squash Snake Gourd 1 lb",
    "price":3.99,
    "unit_price":"nan",
    "sales_count":50.0,
    "image_url":"https:\/\/img08.weeecdn.net\/product\/image\/372\/665\/644D9CC11A03E394.png!c560x560_q80.auto",
    "source_url":"https:\/\/www.sayweee.com\/en\/category\/green10\/Squash-Zucchini?page=1&offset=0&filters=%7B%22catalogue_num%22%3A%22green10%22%7D&trigger_type=taxonomy_green10&filter_sub_category=green"
  },
  {
    "category":"veg",
    "product_name":"Korean Incubator Squash 1 count",
    "price":2.79,
    "unit_price":"nan",
    "sales_count":400.0,
    "image_url":"https:\/\/img08.weeecdn.net\/product\/image\/266\/587\/5CAA6170E62EBA3A.png!c560x560_q80.auto",
    "source_url":"https:\/\/www.sayweee.com\/en\/category\/green10\/Squash-Zucchini?page=1&offset=0&filters=%7B%22catalogue_num%22%3A%22green10%22%7D&trigger_type=taxonomy_green10&filter_sub_category=green"
  },
  {
    "category":"veg",
    "product_name":"Mini Eggplant 2 count",
    "price":3.49,
    "unit_price":"nan",
    "sales_count":null,
    "image_url":"https:\/\/img08.weeecdn.net\/product\/image\/417\/734\/723E64390CBDAB8F.jpeg!c560x560_q80.auto",
    "source_url":"https:\/\/www.sayweee.com\/en\/category\/green10\/Squash-Zucchini?page=1&offset=0&filters=%7B%22catalogue_num%22%3A%22green10%22%7D&trigger_type=taxonomy_green10&filter_sub_category=green"
  },
  {
    "category":"veg",
    "product_name":"Yellow Squash 2 lb",
    "price":3.79,
    "unit_price":"$1.89\/lb",
    "sales_count":null,
    "image_url":"https:\/\/img08.weeecdn.net\/product\/image\/183\/005\/3C975878F684647B.jpeg!c560x560_q80.auto",
    "source_url":"https:\/\/www.sayweee.com\/en\/category\/green10\/Squash-Zucchini?page=1&offset=0&filters=%7B%22catalogue_num%22%3A%22green10%22%7D&trigger_type=taxonomy_green10&filter_sub_category=green"
  },
  {
    "category":"veg",
    "product_name":"Calabaza Squash 1 count",
    "price":10.49,
    "unit_price":"nan",
    "sales_count":null,
    "image_url":"https:\/\/img08.weeecdn.net\/product\/image\/435\/729\/4833F75F327981CB.png!c560x560_q80.auto",
    "source_url":"https:\/\/www.sayweee.com\/en\/category\/green10\/Squash-Zucchini?page=1&offset=0&filters=%7B%22catalogue_num%22%3A%22green10%22%7D&trigger_type=taxonomy_green10&filter_sub_category=green"
  },
  {
    "category":"veg",
    "product_name":"Organic Zucchini 2 count",
    "price":3.99,
    "unit_price":"nan",
    "sales_count":100.0,
    "image_url":"https:\/\/img08.weeecdn.net\/product\/image\/293\/890\/26C759788543A3C7.png!c560x560_q80.auto",
    "source_url":"https:\/\/www.sayweee.com\/en\/category\/green10\/Squash-Zucchini?page=1&offset=0&filters=%7B%22catalogue_num%22%3A%22green10%22%7D&trigger_type=taxonomy_green10&filter_sub_category=green"
  },
  {
    "category":"veg",
    "product_name":"Chilacayote 1 each",
    "price":6.99,
    "unit_price":"nan",
    "sales_count":null,
    "image_url":"https:\/\/img08.weeecdn.net\/product\/image\/063\/598\/485757113C21067E.png!c560x560_q80.auto",
    "source_url":"https:\/\/www.sayweee.com\/en\/category\/green10\/Squash-Zucchini?page=1&offset=0&filters=%7B%22catalogue_num%22%3A%22green10%22%7D&trigger_type=taxonomy_green10&filter_sub_category=green"
  },
  {
    "category":"veg",
    "product_name":"Bengali Squash 1 count",
    "price":6.99,
    "unit_price":"nan",
    "sales_count":null,
    "image_url":"https:\/\/img08.weeecdn.net\/product\/image\/522\/421\/5DD8BDB37A043814.png!c560x560_q80.auto",
    "source_url":"https:\/\/www.sayweee.com\/en\/category\/green10\/Squash-Zucchini?page=1&offset=0&filters=%7B%22catalogue_num%22%3A%22green10%22%7D&trigger_type=taxonomy_green10&filter_sub_category=green"
  },
  {
    "category":"veg",
    "product_name":"Halloween Pumpkin 1 count",
    "price":3.29,
    "unit_price":"nan",
    "sales_count":50.0,
    "image_url":"https:\/\/img08.weeecdn.net\/product\/image\/842\/331\/22DF6A9AD3432D0E.png!c560x560_q80.auto",
    "source_url":"https:\/\/www.sayweee.com\/en\/category\/green10\/Squash-Zucchini?page=1&offset=0&filters=%7B%22catalogue_num%22%3A%22green10%22%7D&trigger_type=taxonomy_green10&filter_sub_category=green"
  },
  {
    "category":"veg",
    "product_name":"Long Green Eggplants 2-2.3 lb",
    "price":5.29,
    "unit_price":"$2.46\/lb",
    "sales_count":null,
    "image_url":"https:\/\/img08.weeecdn.net\/item\/image\/395\/643\/33D144CE162DD7ED.jpg!c560x560_q80.auto",
    "source_url":"https:\/\/www.sayweee.com\/en\/category\/green10\/Squash-Zucchini?page=1&offset=0&filters=%7B%22catalogue_num%22%3A%22green10%22%7D&trigger_type=taxonomy_green10&filter_sub_category=green"
  },
  {
    "category":"veg",
    "product_name":"Kirby Cucumbers 2 lb",
    "price":3.79,
    "unit_price":"$1.89\/lb",
    "sales_count":1.0,
    "image_url":"https:\/\/img08.weeecdn.net\/product\/image\/015\/657\/4A72729A9B0CD01F.png!c560x560_q80.auto",
    "source_url":"https:\/\/www.sayweee.com\/en\/category\/green09\/Cucumbers?page=1&offset=0&filters=%7B%22catalogue_num%22%3A%22green09%22%7D&trigger_type=taxonomy_green09&filter_sub_category=green"
  },
  {
    "category":"veg",
    "product_name":"English Cucumber 1 count",
    "price":1.29,
    "unit_price":"nan",
    "sales_count":1.0,
    "image_url":"https:\/\/img08.weeecdn.net\/product\/image\/311\/378\/325ADC7E833AEA9B.png!c560x560_q80.auto",
    "source_url":"https:\/\/www.sayweee.com\/en\/category\/green09\/Cucumbers?page=1&offset=0&filters=%7B%22catalogue_num%22%3A%22green09%22%7D&trigger_type=taxonomy_green09&filter_sub_category=green"
  },
  {
    "category":"veg",
    "product_name":"Persian Cucumbers 1.95-2.05 lb",
    "price":4.29,
    "unit_price":"$2.14\/lb",
    "sales_count":1.0,
    "image_url":"https:\/\/img08.weeecdn.net\/item\/image\/787\/358\/4D08879A6168297C.jpg!c560x560_q80.auto",
    "source_url":"https:\/\/www.sayweee.com\/en\/category\/green09\/Cucumbers?page=1&offset=0&filters=%7B%22catalogue_num%22%3A%22green09%22%7D&trigger_type=taxonomy_green09&filter_sub_category=green"
  },
  {
    "category":"veg",
    "product_name":"Chinese Tianjin Long Cucumber 1.8-2 lb",
    "price":6.29,
    "unit_price":"$3.31\/lb",
    "sales_count":1.0,
    "image_url":"https:\/\/img08.weeecdn.net\/product\/image\/668\/804\/6F7C031915DA55CF.png!c560x560_q80.auto",
    "source_url":"https:\/\/www.sayweee.com\/en\/category\/green09\/Cucumbers?page=1&offset=0&filters=%7B%22catalogue_num%22%3A%22green09%22%7D&trigger_type=taxonomy_green09&filter_sub_category=green"
  },
  {
    "category":"veg",
    "product_name":"Organic English Cucumber 1 count",
    "price":3.29,
    "unit_price":"nan",
    "sales_count":50.0,
    "image_url":"https:\/\/img08.weeecdn.net\/product\/image\/675\/657\/FB2F2F1CDD217B1.png!c560x560_q80.auto",
    "source_url":"https:\/\/www.sayweee.com\/en\/category\/green09\/Cucumbers?page=1&offset=0&filters=%7B%22catalogue_num%22%3A%22green09%22%7D&trigger_type=taxonomy_green09&filter_sub_category=green"
  },
  {
    "category":"veg",
    "product_name":"Cucumber 3 count",
    "price":3.79,
    "unit_price":"nan",
    "sales_count":500.0,
    "image_url":"https:\/\/img08.weeecdn.net\/item\/image\/517\/399\/20BC9430FADFE53E.jpg!c560x560_q80.auto",
    "source_url":"https:\/\/www.sayweee.com\/en\/category\/green09\/Cucumbers?page=1&offset=0&filters=%7B%22catalogue_num%22%3A%22green09%22%7D&trigger_type=taxonomy_green09&filter_sub_category=green"
  },
  {
    "category":"veg",
    "product_name":"Japanese Cucumber 1 lb",
    "price":4.29,
    "unit_price":"nan",
    "sales_count":600.0,
    "image_url":"https:\/\/img08.weeecdn.net\/product\/image\/055\/243\/5944BA783AC408BB.png!c560x560_q80.auto",
    "source_url":"https:\/\/www.sayweee.com\/en\/category\/green09\/Cucumbers?page=1&offset=0&filters=%7B%22catalogue_num%22%3A%22green09%22%7D&trigger_type=taxonomy_green09&filter_sub_category=green"
  },
  {
    "category":"veg",
    "product_name":"Dosekai 1 lb",
    "price":2.29,
    "unit_price":"nan",
    "sales_count":50.0,
    "image_url":"https:\/\/img08.weeecdn.net\/product\/image\/762\/495\/52DAF15AF7127EBA.png!c560x560_q80.auto",
    "source_url":"https:\/\/www.sayweee.com\/en\/category\/green09\/Cucumbers?page=1&offset=0&filters=%7B%22catalogue_num%22%3A%22green09%22%7D&trigger_type=taxonomy_green09&filter_sub_category=green"
  },
  {
    "category":"veg",
    "product_name":"Japanese Mini Sweet Potato 3 lb",
    "price":10.49,
    "unit_price":"$3.49\/lb",
    "sales_count":null,
    "image_url":"https:\/\/img08.weeecdn.net\/product\/image\/517\/199\/441700BC88E91C81.png!c560x560_q80.auto",
    "source_url":"https:\/\/www.sayweee.com\/en\/category\/green07\/Potatoes-Yams?page=1&offset=0&filters=%7B%22catalogue_num%22%3A%22green07%22%7D&trigger_type=taxonomy_green07&filter_sub_category=green"
  },
  {
    "category":"veg",
    "product_name":"Organic Purple Sweet Potatoes 3 lb",
    "price":9.49,
    "unit_price":"$3.16\/lb",
    "sales_count":null,
    "image_url":"https:\/\/img08.weeecdn.net\/product\/image\/403\/090\/2A07775B735C9C05.png!c560x560_q80.auto",
    "source_url":"https:\/\/www.sayweee.com\/en\/category\/green07\/Potatoes-Yams?page=1&offset=0&filters=%7B%22catalogue_num%22%3A%22green07%22%7D&trigger_type=taxonomy_green07&filter_sub_category=green"
  },
  {
    "category":"veg",
    "product_name":"Idaho Russet Potatoes 5 lb",
    "price":3.79,
    "unit_price":"$0.75\/lb",
    "sales_count":null,
    "image_url":"https:\/\/img08.weeecdn.net\/product\/image\/077\/437\/189E6AA17DC659F7.png!c560x560_q80.auto",
    "source_url":"https:\/\/www.sayweee.com\/en\/category\/green07\/Potatoes-Yams?page=1&offset=0&filters=%7B%22catalogue_num%22%3A%22green07%22%7D&trigger_type=taxonomy_green07&filter_sub_category=green"
  },
  {
    "category":"veg",
    "product_name":"California Purple Sweet Potatoes 2.66-2.94 lb",
    "price":5.99,
    "unit_price":"$2.13\/lb",
    "sales_count":1.0,
    "image_url":"https:\/\/img08.weeecdn.net\/item\/image\/013\/757\/A603A2F946B6AD7.jpg!c560x560_q80.auto",
    "source_url":"https:\/\/www.sayweee.com\/en\/category\/green07\/Potatoes-Yams?page=1&offset=0&filters=%7B%22catalogue_num%22%3A%22green07%22%7D&trigger_type=taxonomy_green07&filter_sub_category=green"
  },
  {
    "category":"veg",
    "product_name":"Okinawa Purple Yam 2.8-3.2 lb",
    "price":9.49,
    "unit_price":"$3.16\/lb",
    "sales_count":1.0,
    "image_url":"https:\/\/img08.weeecdn.net\/product\/image\/674\/847\/4FB65CC32A300801.png!c560x560_q80.auto",
    "source_url":"https:\/\/www.sayweee.com\/en\/category\/green07\/Potatoes-Yams?page=1&offset=0&filters=%7B%22catalogue_num%22%3A%22green07%22%7D&trigger_type=taxonomy_green07&filter_sub_category=green"
  },
  {
    "category":"veg",
    "product_name":"Chinese Iron Nagaimo 1.8-2 lb",
    "price":5.29,
    "unit_price":"$2.78\/lb",
    "sales_count":1.0,
    "image_url":"https:\/\/img08.weeecdn.net\/item\/image\/778\/871\/29081945EAF0D35E.jpg!c560x560_q80.auto",
    "source_url":"https:\/\/www.sayweee.com\/en\/category\/green07\/Potatoes-Yams?page=1&offset=0&filters=%7B%22catalogue_num%22%3A%22green07%22%7D&trigger_type=taxonomy_green07&filter_sub_category=green"
  },
  {
    "category":"veg",
    "product_name":"Golden Potato 5 lb",
    "price":4.29,
    "unit_price":"$0.85\/lb",
    "sales_count":null,
    "image_url":"https:\/\/img08.weeecdn.net\/product\/image\/014\/273\/6A680C2F05C7FCC0.jpeg!c560x560_q80.auto",
    "source_url":"https:\/\/www.sayweee.com\/en\/category\/green07\/Potatoes-Yams?page=1&offset=0&filters=%7B%22catalogue_num%22%3A%22green07%22%7D&trigger_type=taxonomy_green07&filter_sub_category=green"
  },
  {
    "category":"veg",
    "product_name":"Japanese Nagaimo 1.9-2.1 lb",
    "price":10.49,
    "unit_price":"$5.24\/lb",
    "sales_count":900.0,
    "image_url":"https:\/\/img08.weeecdn.net\/item\/image\/645\/265\/41EDF6E75BC6C394.jpg!c560x560_q80.auto",
    "source_url":"https:\/\/www.sayweee.com\/en\/category\/green07\/Potatoes-Yams?page=1&offset=0&filters=%7B%22catalogue_num%22%3A%22green07%22%7D&trigger_type=taxonomy_green07&filter_sub_category=green"
  },
  {
    "category":"veg",
    "product_name":"Arvi Taro 2.8-3.2 lb",
    "price":7.49,
    "unit_price":"$2.49\/lb",
    "sales_count":1.0,
    "image_url":"https:\/\/img08.weeecdn.net\/item\/image\/655\/800\/5594634A985B33C1.jpg!c560x560_q80.auto",
    "source_url":"https:\/\/www.sayweee.com\/en\/category\/green07\/Potatoes-Yams?page=1&offset=0&filters=%7B%22catalogue_num%22%3A%22green07%22%7D&trigger_type=taxonomy_green07&filter_sub_category=green"
  },
  {
    "category":"veg",
    "product_name":"Sweet Potato Gift Pack 10 lb",
    "price":19.88,
    "unit_price":"$1.98\/lb",
    "sales_count":1.0,
    "image_url":"https:\/\/img08.weeecdn.net\/product\/image\/919\/732\/6A0E1FD187C31478.png!c560x560_q80.auto",
    "source_url":"https:\/\/www.sayweee.com\/en\/category\/green07\/Potatoes-Yams?page=1&offset=0&filters=%7B%22catalogue_num%22%3A%22green07%22%7D&trigger_type=taxonomy_green07&filter_sub_category=green"
  },
  {
    "category":"veg",
    "product_name":"Purple sweet potato (microwavable) 16 oz",
    "price":5.29,
    "unit_price":"nan",
    "sales_count":400.0,
    "image_url":"https:\/\/img08.weeecdn.net\/product\/image\/174\/850\/FB66ED0B0CB29A5.png!c560x560_q80.auto",
    "source_url":"https:\/\/www.sayweee.com\/en\/category\/green07\/Potatoes-Yams?page=1&offset=0&filters=%7B%22catalogue_num%22%3A%22green07%22%7D&trigger_type=taxonomy_green07&filter_sub_category=green"
  },
  {
    "category":"veg",
    "product_name":"Sweet Potatoes, Microwaveable Pack 1 lb",
    "price":5.29,
    "unit_price":"nan",
    "sales_count":500.0,
    "image_url":"https:\/\/img08.weeecdn.net\/item\/image\/165\/058\/5EFA0BB00710CCEB.jpg!c560x560_q80.auto",
    "source_url":"https:\/\/www.sayweee.com\/en\/category\/green07\/Potatoes-Yams?page=1&offset=0&filters=%7B%22catalogue_num%22%3A%22green07%22%7D&trigger_type=taxonomy_green07&filter_sub_category=green"
  },
  {
    "category":"veg",
    "product_name":"Duo Little Potatoes 1.5 lb",
    "price":4.29,
    "unit_price":"$2.86\/lb",
    "sales_count":100.0,
    "image_url":"https:\/\/img08.weeecdn.net\/product\/image\/410\/197\/230B9BDCFC27B324.png!c560x560_q80.auto",
    "source_url":"https:\/\/www.sayweee.com\/en\/category\/green07\/Potatoes-Yams?page=1&offset=0&filters=%7B%22catalogue_num%22%3A%22green07%22%7D&trigger_type=taxonomy_green07&filter_sub_category=green"
  },
  {
    "category":"veg",
    "product_name":"Malanga Root 2.5-3 lb",
    "price":9.49,
    "unit_price":"$3.45\/lb",
    "sales_count":100.0,
    "image_url":"https:\/\/img08.weeecdn.net\/product\/image\/686\/681\/DFB6F094F8E9266.jpeg!c560x560_q80.auto",
    "source_url":"https:\/\/www.sayweee.com\/en\/category\/green07\/Potatoes-Yams?page=1&offset=0&filters=%7B%22catalogue_num%22%3A%22green07%22%7D&trigger_type=taxonomy_green07&filter_sub_category=green"
  },
  {
    "category":"veg",
    "product_name":"Organic Mini Sweet Potato 1 lb",
    "price":5.29,
    "unit_price":"nan",
    "sales_count":null,
    "image_url":"https:\/\/img08.weeecdn.net\/product\/image\/256\/692\/16AE509BBF997277.jpeg!c560x560_q80.auto",
    "source_url":"https:\/\/www.sayweee.com\/en\/category\/green07\/Potatoes-Yams?page=1&offset=0&filters=%7B%22catalogue_num%22%3A%22green07%22%7D&trigger_type=taxonomy_green07&filter_sub_category=green"
  },
  {
    "category":"veg",
    "product_name":"Yellow Little Potatoes 1.5 lb",
    "price":4.29,
    "unit_price":"$2.86\/lb",
    "sales_count":100.0,
    "image_url":"https:\/\/img08.weeecdn.net\/product\/image\/052\/573\/69FF73C07F9435C6.png!c560x560_q80.auto",
    "source_url":"https:\/\/www.sayweee.com\/en\/category\/green07\/Potatoes-Yams?page=1&offset=0&filters=%7B%22catalogue_num%22%3A%22green07%22%7D&trigger_type=taxonomy_green07&filter_sub_category=green"
  },
  {
    "category":"veg",
    "product_name":"Red Potatoes 5 lb",
    "price":4.79,
    "unit_price":"$0.95\/lb",
    "sales_count":100.0,
    "image_url":"https:\/\/img08.weeecdn.net\/item\/image\/033\/929\/5123E222100814C4.jpg!c560x560_q80.auto",
    "source_url":"https:\/\/www.sayweee.com\/en\/category\/green07\/Potatoes-Yams?page=1&offset=0&filters=%7B%22catalogue_num%22%3A%22green07%22%7D&trigger_type=taxonomy_green07&filter_sub_category=green"
  },
  {
    "category":"veg",
    "product_name":"Trio Little Potatoes 1.5 lb",
    "price":4.29,
    "unit_price":"$2.86\/lb",
    "sales_count":200.0,
    "image_url":"https:\/\/img08.weeecdn.net\/product\/image\/360\/958\/2DE11391C2729BBC.png!c560x560_q80.auto",
    "source_url":"https:\/\/www.sayweee.com\/en\/category\/green07\/Potatoes-Yams?page=1&offset=0&filters=%7B%22catalogue_num%22%3A%22green07%22%7D&trigger_type=taxonomy_green07&filter_sub_category=green"
  },
  {
    "category":"veg",
    "product_name":"Yellow Yams 2.7-3.2 lb",
    "price":6.29,
    "unit_price":"$2.13\/lb",
    "sales_count":300.0,
    "image_url":"https:\/\/img08.weeecdn.net\/item\/image\/840\/274\/4C945FF9D0C667FE.jpg!c560x560_q80.auto",
    "source_url":"https:\/\/www.sayweee.com\/en\/category\/green07\/Potatoes-Yams?page=1&offset=0&filters=%7B%22catalogue_num%22%3A%22green07%22%7D&trigger_type=taxonomy_green07&filter_sub_category=green"
  },
  {
    "category":"veg",
    "product_name":"Organic Potatoes 3 lb",
    "price":5.29,
    "unit_price":"$1.76\/lb",
    "sales_count":50.0,
    "image_url":"https:\/\/img08.weeecdn.net\/product\/image\/101\/342\/1886B7C66ABFF164.png!c560x560_q80.auto",
    "source_url":"https:\/\/www.sayweee.com\/en\/category\/green07\/Potatoes-Yams?page=1&offset=0&filters=%7B%22catalogue_num%22%3A%22green07%22%7D&trigger_type=taxonomy_green07&filter_sub_category=green"
  },
  {
    "category":"veg",
    "product_name":"Red Little Potatoes 1.5 lb",
    "price":2.99,
    "unit_price":"$1.99\/lb",
    "sales_count":50.0,
    "image_url":"https:\/\/img08.weeecdn.net\/product\/image\/242\/098\/3A3C59CEE7368DC3.png!c560x560_q80.auto",
    "source_url":"https:\/\/www.sayweee.com\/en\/category\/green07\/Potatoes-Yams?page=1&offset=0&filters=%7B%22catalogue_num%22%3A%22green07%22%7D&trigger_type=taxonomy_green07&filter_sub_category=green"
  },
  {
    "category":"veg",
    "product_name":"Ratalu 1 lb",
    "price":12.99,
    "unit_price":"nan",
    "sales_count":null,
    "image_url":"https:\/\/img08.weeecdn.net\/product\/image\/469\/352\/1756E4F445C64E72.png!c560x560_q80.auto",
    "source_url":"https:\/\/www.sayweee.com\/en\/category\/green07\/Potatoes-Yams?page=1&offset=0&filters=%7B%22catalogue_num%22%3A%22green07%22%7D&trigger_type=taxonomy_green07&filter_sub_category=green"
  },
  {
    "category":"veg",
    "product_name":"Garnet Sweet Potatoes 2.7-3.2 lb",
    "price":5.29,
    "unit_price":"$1.79\/lb",
    "sales_count":null,
    "image_url":"https:\/\/img08.weeecdn.net\/product\/image\/789\/572\/6088C573905774CB.png!c560x560_q80.auto",
    "source_url":"https:\/\/www.sayweee.com\/en\/category\/green07\/Potatoes-Yams?page=1&offset=0&filters=%7B%22catalogue_num%22%3A%22green07%22%7D&trigger_type=taxonomy_green07&filter_sub_category=green"
  },
  {
    "category":"veg",
    "product_name":"Red Yam 2.85-3.15 lb",
    "price":3.29,
    "unit_price":"$1.09\/lb",
    "sales_count":1.0,
    "image_url":"https:\/\/img08.weeecdn.net\/product\/image\/868\/153\/7C62A0F574E5E5EE.jpeg!c560x560_q80.auto",
    "source_url":"https:\/\/www.sayweee.com\/en\/category\/green07\/Potatoes-Yams?page=1&offset=0&filters=%7B%22catalogue_num%22%3A%22green07%22%7D&trigger_type=taxonomy_green07&filter_sub_category=green"
  },
  {
    "category":"veg",
    "product_name":"Enoki Mushrooms 200 g",
    "price":2.29,
    "unit_price":"$0.32\/oz",
    "sales_count":null,
    "image_url":"https:\/\/img08.weeecdn.net\/item\/image\/937\/076\/36F20AB7F2F3A538.jpg!c560x560_q80.auto",
    "source_url":"https:\/\/www.sayweee.com\/en\/category\/green05\/Mushrooms?page=1&offset=0&filters=%7B%22catalogue_num%22%3A%22green05%22%7D&trigger_type=taxonomy_green05&filter_sub_category=green"
  },
  {
    "category":"veg",
    "product_name":"King Oyster Mushrooms 1 lb",
    "price":1.49,
    "unit_price":"$0.09\/oz",
    "sales_count":null,
    "image_url":"https:\/\/img08.weeecdn.net\/product\/image\/135\/121\/417F1D955B93BC0C.png!c560x560_q80.auto",
    "source_url":"https:\/\/www.sayweee.com\/en\/category\/green05\/Mushrooms?page=1&offset=0&filters=%7B%22catalogue_num%22%3A%22green05%22%7D&trigger_type=taxonomy_green05&filter_sub_category=green"
  },
  {
    "category":"veg",
    "product_name":"Shimeji Brown Mushroom 150 g",
    "price":1.29,
    "unit_price":"$0.24\/oz",
    "sales_count":1.0,
    "image_url":"https:\/\/img08.weeecdn.net\/product\/image\/897\/333\/48D3E664D579FBCF.png!c560x560_q80.auto",
    "source_url":"https:\/\/www.sayweee.com\/en\/category\/green05\/Mushrooms?page=1&offset=0&filters=%7B%22catalogue_num%22%3A%22green05%22%7D&trigger_type=taxonomy_green05&filter_sub_category=green"
  },
  {
    "category":"veg",
    "product_name":"Korean King Oyster Mushrooms 300 g",
    "price":3.29,
    "unit_price":"$0.31\/oz",
    "sales_count":800.0,
    "image_url":"https:\/\/img08.weeecdn.net\/item\/image\/812\/087\/3016390E429A892E.png!c560x560_q80.auto",
    "source_url":"https:\/\/www.sayweee.com\/en\/category\/green05\/Mushrooms?page=1&offset=0&filters=%7B%22catalogue_num%22%3A%22green05%22%7D&trigger_type=taxonomy_green05&filter_sub_category=green"
  },
  {
    "category":"veg",
    "product_name":"White Beech Mushrooms 1 each",
    "price":0.79,
    "unit_price":"nan",
    "sales_count":1.0,
    "image_url":"https:\/\/img08.weeecdn.net\/product\/image\/006\/536\/76F948CDAB5F870.png!c560x560_q80.auto",
    "source_url":"https:\/\/www.sayweee.com\/en\/category\/green05\/Mushrooms?page=1&offset=0&filters=%7B%22catalogue_num%22%3A%22green05%22%7D&trigger_type=taxonomy_green05&filter_sub_category=green"
  },
  {
    "category":"veg",
    "product_name":"Shiitake Mushrooms 6 oz",
    "price":3.29,
    "unit_price":"$0.54\/oz",
    "sales_count":null,
    "image_url":"https:\/\/img08.weeecdn.net\/item\/image\/065\/851\/2DA2FF5F82F58E6A.jpg!c560x560_q80.auto",
    "source_url":"https:\/\/www.sayweee.com\/en\/category\/green05\/Mushrooms?page=1&offset=0&filters=%7B%22catalogue_num%22%3A%22green05%22%7D&trigger_type=taxonomy_green05&filter_sub_category=green"
  },
  {
    "category":"veg",
    "product_name":"Black Wood Ear Mushroom Fungus 6 oz",
    "price":3.49,
    "unit_price":"$0.58\/oz",
    "sales_count":null,
    "image_url":"https:\/\/img08.weeecdn.net\/product\/image\/676\/557\/65D0D58C72CB0F87.png!c560x560_q80.auto",
    "source_url":"https:\/\/www.sayweee.com\/en\/category\/green05\/Mushrooms?page=1&offset=0&filters=%7B%22catalogue_num%22%3A%22green05%22%7D&trigger_type=taxonomy_green05&filter_sub_category=green"
  },
  {
    "category":"veg",
    "product_name":"Seafood Mushroom 150 g",
    "price":0.69,
    "unit_price":"$0.13\/oz",
    "sales_count":1.0,
    "image_url":"https:\/\/img08.weeecdn.net\/product\/image\/550\/511\/6F3E76312052E807.png!c560x560_q80.auto",
    "source_url":"https:\/\/www.sayweee.com\/en\/category\/green05\/Mushrooms?page=1&offset=0&filters=%7B%22catalogue_num%22%3A%22green05%22%7D&trigger_type=taxonomy_green05&filter_sub_category=green"
  },
  {
    "category":"veg",
    "product_name":"White Mushrooms 8 oz",
    "price":2.79,
    "unit_price":"$0.34\/oz",
    "sales_count":null,
    "image_url":"https:\/\/img08.weeecdn.net\/product\/image\/716\/288\/2144F733772D244B.png!c560x560_q80.auto",
    "source_url":"https:\/\/www.sayweee.com\/en\/category\/green05\/Mushrooms?page=1&offset=0&filters=%7B%22catalogue_num%22%3A%22green05%22%7D&trigger_type=taxonomy_green05&filter_sub_category=green"
  },
  {
    "category":"veg",
    "product_name":"Oyster Mushrooms 6 oz",
    "price":5.29,
    "unit_price":"$0.88\/oz",
    "sales_count":1.0,
    "image_url":"https:\/\/img08.weeecdn.net\/product\/image\/237\/221\/166FBA43D07833B6.png!c560x560_q80.auto",
    "source_url":"https:\/\/www.sayweee.com\/en\/category\/green05\/Mushrooms?page=1&offset=0&filters=%7B%22catalogue_num%22%3A%22green05%22%7D&trigger_type=taxonomy_green05&filter_sub_category=green"
  },
  {
    "category":"veg",
    "product_name":"Assorted Mushrooms 400 g",
    "price":4.29,
    "unit_price":"$0.30\/oz",
    "sales_count":1.0,
    "image_url":"https:\/\/img08.weeecdn.net\/product\/image\/103\/806\/6042AD1BD3028D9.png!c560x560_q80.auto",
    "source_url":"https:\/\/www.sayweee.com\/en\/category\/green05\/Mushrooms?page=1&offset=0&filters=%7B%22catalogue_num%22%3A%22green05%22%7D&trigger_type=taxonomy_green05&filter_sub_category=green"
  },
  {
    "category":"veg",
    "product_name":"Hokto Organic Maitake Mushrooms 100 g",
    "price":3.79,
    "unit_price":"$1.07\/oz",
    "sales_count":800.0,
    "image_url":"https:\/\/img08.weeecdn.net\/product\/image\/761\/833\/72DCFC5B5D20CB66.png!c560x560_q80.auto",
    "source_url":"https:\/\/www.sayweee.com\/en\/category\/green05\/Mushrooms?page=1&offset=0&filters=%7B%22catalogue_num%22%3A%22green05%22%7D&trigger_type=taxonomy_green05&filter_sub_category=green"
  },
  {
    "category":"veg",
    "product_name":"Baby Bella Mushrooms 8 oz",
    "price":3.29,
    "unit_price":"$0.41\/oz",
    "sales_count":400.0,
    "image_url":"https:\/\/img08.weeecdn.net\/product\/image\/551\/448\/4AF76B54FFF6062E.jpeg!c560x560_q80.auto",
    "source_url":"https:\/\/www.sayweee.com\/en\/category\/green05\/Mushrooms?page=1&offset=0&filters=%7B%22catalogue_num%22%3A%22green05%22%7D&trigger_type=taxonomy_green05&filter_sub_category=green"
  },
  {
    "category":"veg",
    "product_name":"Hokto Organic Shimeji Brown Mushroom 100 g",
    "price":3.49,
    "unit_price":"$0.98\/oz",
    "sales_count":800.0,
    "image_url":"https:\/\/img08.weeecdn.net\/product\/image\/797\/295\/2C985D1918DCB78F.png!c560x560_q80.auto",
    "source_url":"https:\/\/www.sayweee.com\/en\/category\/green05\/Mushrooms?page=1&offset=0&filters=%7B%22catalogue_num%22%3A%22green05%22%7D&trigger_type=taxonomy_green05&filter_sub_category=green"
  },
  {
    "category":"veg",
    "product_name":"Fresh Oyster Mushroom Log 1 count",
    "price":10.49,
    "unit_price":"nan",
    "sales_count":100.0,
    "image_url":"https:\/\/img08.weeecdn.net\/product\/image\/380\/651\/13AD03DADBEE15C9.png!c560x560_q80.auto",
    "source_url":"https:\/\/www.sayweee.com\/en\/category\/green05\/Mushrooms?page=1&offset=0&filters=%7B%22catalogue_num%22%3A%22green05%22%7D&trigger_type=taxonomy_green05&filter_sub_category=green"
  },
  {
    "category":"veg",
    "product_name":"Shabu Blend Mixed Mushrooms 6 oz",
    "price":5.29,
    "unit_price":"$0.88\/oz",
    "sales_count":100.0,
    "image_url":"https:\/\/img08.weeecdn.net\/product\/image\/416\/079\/7BAF6A2F69AA606.png!c560x560_q80.auto",
    "source_url":"https:\/\/www.sayweee.com\/en\/category\/green05\/Mushrooms?page=1&offset=0&filters=%7B%22catalogue_num%22%3A%22green05%22%7D&trigger_type=taxonomy_green05&filter_sub_category=green"
  },
  {
    "category":"veg",
    "product_name":"Premium Matsutake 0.5 lb",
    "price":26.99,
    "unit_price":"$3.37\/oz",
    "sales_count":600.0,
    "image_url":"https:\/\/img08.weeecdn.net\/item\/image\/920\/563\/1D218CAF878D13A0.jpg!c560x560_q80.auto",
    "source_url":"https:\/\/www.sayweee.com\/en\/category\/green05\/Mushrooms?page=1&offset=0&filters=%7B%22catalogue_num%22%3A%22green05%22%7D&trigger_type=taxonomy_green05&filter_sub_category=green"
  },
  {
    "category":"veg",
    "product_name":"Organic Oyster Mushrooms 8 oz",
    "price":6.29,
    "unit_price":"$0.78\/oz",
    "sales_count":200.0,
    "image_url":"https:\/\/img08.weeecdn.net\/product\/image\/229\/855\/19AAF067813CD648.jpeg!c560x560_q80.auto",
    "source_url":"https:\/\/www.sayweee.com\/en\/category\/green05\/Mushrooms?page=1&offset=0&filters=%7B%22catalogue_num%22%3A%22green05%22%7D&trigger_type=taxonomy_green05&filter_sub_category=green"
  },
  {
    "category":"veg",
    "product_name":"Organic Shiitake Mushrooms 8 oz",
    "price":3.99,
    "unit_price":"$0.49\/oz",
    "sales_count":50.0,
    "image_url":"https:\/\/img08.weeecdn.net\/product\/image\/205\/265\/79DC241F8D01B464.jpeg!c560x560_q80.auto",
    "source_url":"https:\/\/www.sayweee.com\/en\/category\/green05\/Mushrooms?page=1&offset=0&filters=%7B%22catalogue_num%22%3A%22green05%22%7D&trigger_type=taxonomy_green05&filter_sub_category=green"
  },
  {
    "category":"veg",
    "product_name":"Chanterelle Mushrooms 0.5 lb",
    "price":14.99,
    "unit_price":"$1.87\/oz",
    "sales_count":800.0,
    "image_url":"https:\/\/img08.weeecdn.net\/product\/image\/782\/489\/7C2202E1A903C5F3.png!c560x560_q80.auto",
    "source_url":"https:\/\/www.sayweee.com\/en\/category\/green05\/Mushrooms?page=1&offset=0&filters=%7B%22catalogue_num%22%3A%22green05%22%7D&trigger_type=taxonomy_green05&filter_sub_category=green"
  },
  {
    "category":"veg",
    "product_name":"Organic Maitake Mushrooms 8 oz",
    "price":7.49,
    "unit_price":"$0.93\/oz",
    "sales_count":50.0,
    "image_url":"https:\/\/img08.weeecdn.net\/product\/image\/273\/672\/5DC6C04B97A8BEF7.jpeg!c560x560_q80.auto",
    "source_url":"https:\/\/www.sayweee.com\/en\/category\/green05\/Mushrooms?page=1&offset=0&filters=%7B%22catalogue_num%22%3A%22green05%22%7D&trigger_type=taxonomy_green05&filter_sub_category=green"
  },
  {
    "category":"veg",
    "product_name":"Yellow Oyster Mushroom 6 oz",
    "price":5.29,
    "unit_price":"$0.88\/oz",
    "sales_count":50.0,
    "image_url":"https:\/\/img08.weeecdn.net\/product\/image\/828\/552\/59A9E580FEC4B29A.png!c560x560_q80.auto",
    "source_url":"https:\/\/www.sayweee.com\/en\/category\/green05\/Mushrooms?page=1&offset=0&filters=%7B%22catalogue_num%22%3A%22green05%22%7D&trigger_type=taxonomy_green05&filter_sub_category=green"
  },
  {
    "category":"veg",
    "product_name":"Organic Yellow Oyster Mushrooms 8 oz",
    "price":5.99,
    "unit_price":"$0.74\/oz",
    "sales_count":null,
    "image_url":"https:\/\/img08.weeecdn.net\/product\/image\/205\/198\/95487BFAD659D17.jpeg!c560x560_q80.auto",
    "source_url":"https:\/\/www.sayweee.com\/en\/category\/green05\/Mushrooms?page=1&offset=0&filters=%7B%22catalogue_num%22%3A%22green05%22%7D&trigger_type=taxonomy_green05&filter_sub_category=green"
  },
  {
    "category":"veg",
    "product_name":"Hokto Organic White Beech Mushroom 100 g",
    "price":3.29,
    "unit_price":"$0.93\/oz",
    "sales_count":200.0,
    "image_url":"https:\/\/img08.weeecdn.net\/product\/image\/945\/043\/165B842551080CCE.png!c560x560_q80.auto",
    "source_url":"https:\/\/www.sayweee.com\/en\/category\/green05\/Mushrooms?page=1&offset=0&filters=%7B%22catalogue_num%22%3A%22green05%22%7D&trigger_type=taxonomy_green05&filter_sub_category=green"
  },
  {
    "category":"veg",
    "product_name":"King Oyster Mushrooms 170 g",
    "price":5.29,
    "unit_price":"$0.88\/oz",
    "sales_count":50.0,
    "image_url":"https:\/\/img08.weeecdn.net\/item\/image\/514\/627\/47546AA30755F156.jpg!c560x560_q80.auto",
    "source_url":"https:\/\/www.sayweee.com\/en\/category\/green05\/Mushrooms?page=1&offset=0&filters=%7B%22catalogue_num%22%3A%22green05%22%7D&trigger_type=taxonomy_green05&filter_sub_category=green"
  },
  {
    "category":"veg",
    "product_name":"Hokto King Oyster Mushrooms 270 g",
    "price":7.49,
    "unit_price":"$0.78\/oz",
    "sales_count":50.0,
    "image_url":"https:\/\/img08.weeecdn.net\/product\/image\/658\/229\/5328CD3D513B5BCF.png!c560x560_q80.auto",
    "source_url":"https:\/\/www.sayweee.com\/en\/category\/green05\/Mushrooms?page=1&offset=0&filters=%7B%22catalogue_num%22%3A%22green05%22%7D&trigger_type=taxonomy_green05&filter_sub_category=green"
  },
  {
    "category":"veg",
    "product_name":"Organic White Mushroom 8 oz",
    "price":2.99,
    "unit_price":"$0.37\/oz",
    "sales_count":null,
    "image_url":"https:\/\/img08.weeecdn.net\/product\/image\/274\/657\/6D8CB1E72642E37F.png!c560x560_q80.auto",
    "source_url":"https:\/\/www.sayweee.com\/en\/category\/green05\/Mushrooms?page=1&offset=0&filters=%7B%22catalogue_num%22%3A%22green05%22%7D&trigger_type=taxonomy_green05&filter_sub_category=green"
  },
  {
    "category":"veg",
    "product_name":"Organic King Oyster Mushrooms 1 each",
    "price":5.29,
    "unit_price":"nan",
    "sales_count":1.0,
    "image_url":"https:\/\/img08.weeecdn.net\/item\/image\/519\/614\/6537D00496389ADA.jpg!c560x560_q80.auto",
    "source_url":"https:\/\/www.sayweee.com\/en\/category\/green05\/Mushrooms?page=1&offset=0&filters=%7B%22catalogue_num%22%3A%22green05%22%7D&trigger_type=taxonomy_green05&filter_sub_category=green"
  },
  {
    "category":"veg",
    "product_name":"Organic Mini King Oyster Mushroom 300 g",
    "price":4.29,
    "unit_price":"$0.40\/oz",
    "sales_count":900.0,
    "image_url":"https:\/\/img08.weeecdn.net\/item\/image\/239\/044\/50B8951531F130C9.jpg!c560x560_q80.auto",
    "source_url":"https:\/\/www.sayweee.com\/en\/category\/green05\/Mushrooms?page=1&offset=0&filters=%7B%22catalogue_num%22%3A%22green05%22%7D&trigger_type=taxonomy_green05&filter_sub_category=green"
  },
  {
    "category":"veg",
    "product_name":"Organic King Oyster Mushrooms 8 oz",
    "price":6.29,
    "unit_price":"$0.78\/oz",
    "sales_count":50.0,
    "image_url":"https:\/\/img08.weeecdn.net\/product\/image\/614\/003\/709AA3ED1E747959.jpeg!c560x560_q80.auto",
    "source_url":"https:\/\/www.sayweee.com\/en\/category\/green05\/Mushrooms?page=1&offset=0&filters=%7B%22catalogue_num%22%3A%22green05%22%7D&trigger_type=taxonomy_green05&filter_sub_category=green"
  },
  {
    "category":"veg",
    "product_name":"Small Oyster Mushrooms 200 g",
    "price":3.29,
    "unit_price":"$0.46\/oz",
    "sales_count":100.0,
    "image_url":"https:\/\/img08.weeecdn.net\/product\/image\/880\/985\/12FDB6F5D512C1C6.png!c560x560_q80.auto",
    "source_url":"https:\/\/www.sayweee.com\/en\/category\/green05\/Mushrooms?page=1&offset=0&filters=%7B%22catalogue_num%22%3A%22green05%22%7D&trigger_type=taxonomy_green05&filter_sub_category=green"
  },
  {
    "category":"veg",
    "product_name":"Tomatoes 2-2.3 lb",
    "price":3.79,
    "unit_price":"$1.76\/lb",
    "sales_count":null,
    "image_url":"https:\/\/img08.weeecdn.net\/item\/image\/450\/292\/1B881769CA94C66E.jpg!c560x560_q80.auto",
    "source_url":"https:\/\/www.sayweee.com\/en\/category\/green11\/Tomatoes?page=1&offset=0&filters=%7B%22catalogue_num%22%3A%22green11%22%7D&trigger_type=taxonomy_green11&filter_sub_category=green"
  },
  {
    "category":"veg",
    "product_name":"Cluster Tomatoes 1.8-2 lb",
    "price":3.29,
    "unit_price":"$1.73\/lb",
    "sales_count":null,
    "image_url":"https:\/\/img08.weeecdn.net\/product\/image\/526\/148\/248A26980E51F5CE.png!c560x560_q80.auto",
    "source_url":"https:\/\/www.sayweee.com\/en\/category\/green11\/Tomatoes?page=1&offset=0&filters=%7B%22catalogue_num%22%3A%22green11%22%7D&trigger_type=taxonomy_green11&filter_sub_category=green"
  },
  {
    "category":"veg",
    "product_name":"Roma Tomatoes Bag 2 lb",
    "price":5.29,
    "unit_price":"$2.64\/lb",
    "sales_count":null,
    "image_url":"https:\/\/img08.weeecdn.net\/item\/image\/713\/219\/2BC4C85F5CFB20DB.jpg!c560x560_q80.auto",
    "source_url":"https:\/\/www.sayweee.com\/en\/category\/green11\/Tomatoes?page=1&offset=0&filters=%7B%22catalogue_num%22%3A%22green11%22%7D&trigger_type=taxonomy_green11&filter_sub_category=green"
  },
  {
    "category":"veg",
    "product_name":"Grape Tomatoes 1 dry pint",
    "price":2.29,
    "unit_price":"$3.31\/lb",
    "sales_count":null,
    "image_url":"https:\/\/img08.weeecdn.net\/item\/image\/706\/809\/2B838A675A8366DA.jpg!c560x560_q80.auto",
    "source_url":"https:\/\/www.sayweee.com\/en\/category\/green11\/Tomatoes?page=1&offset=0&filters=%7B%22catalogue_num%22%3A%22green11%22%7D&trigger_type=taxonomy_green11&filter_sub_category=green"
  },
  {
    "category":"veg",
    "product_name":"Cherry Tomatoes 10 - 12 oz",
    "price":3.79,
    "unit_price":"$5.49\/lb",
    "sales_count":null,
    "image_url":"https:\/\/img08.weeecdn.net\/item\/image\/906\/710\/5AC55F6A1B8DEF21.jpg!c560x560_q80.auto",
    "source_url":"https:\/\/www.sayweee.com\/en\/category\/green11\/Tomatoes?page=1&offset=0&filters=%7B%22catalogue_num%22%3A%22green11%22%7D&trigger_type=taxonomy_green11&filter_sub_category=green"
  },
  {
    "category":"veg",
    "product_name":"Tomatillos 1 lb",
    "price":1.29,
    "unit_price":"nan",
    "sales_count":300.0,
    "image_url":"https:\/\/img08.weeecdn.net\/item\/image\/682\/617\/77AC84F53EE2AA4A.jpg!c560x560_q80.auto",
    "source_url":"https:\/\/www.sayweee.com\/en\/category\/green11\/Tomatoes?page=1&offset=0&filters=%7B%22catalogue_num%22%3A%22green11%22%7D&trigger_type=taxonomy_green11&filter_sub_category=green"
  },
  {
    "category":"veg",
    "product_name":"Campari Tomato 1 lb",
    "price":3.29,
    "unit_price":"nan",
    "sales_count":null,
    "image_url":"https:\/\/img08.weeecdn.net\/product\/image\/232\/193\/7B26E869B22B96BA.png!c560x560_q80.auto",
    "source_url":"https:\/\/www.sayweee.com\/en\/category\/green11\/Tomatoes?page=1&offset=0&filters=%7B%22catalogue_num%22%3A%22green11%22%7D&trigger_type=taxonomy_green11&filter_sub_category=green"
  },
  {
    "category":"veg",
    "product_name":"Yellow Grape Tomato 10 - 12 oz",
    "price":3.49,
    "unit_price":"$5.05\/lb",
    "sales_count":null,
    "image_url":"https:\/\/img08.weeecdn.net\/product\/image\/701\/016\/30CE493135D9BCA3.png!c560x560_q80.auto",
    "source_url":"https:\/\/www.sayweee.com\/en\/category\/green11\/Tomatoes?page=1&offset=0&filters=%7B%22catalogue_num%22%3A%22green11%22%7D&trigger_type=taxonomy_green11&filter_sub_category=green"
  },
  {
    "category":"veg",
    "product_name":"Organic Grape Tomatoes 1 box",
    "price":4.29,
    "unit_price":"nan",
    "sales_count":null,
    "image_url":"https:\/\/img08.weeecdn.net\/product\/image\/211\/285\/1F2474FA2DE38592.jpeg!c560x560_q80.auto",
    "source_url":"https:\/\/www.sayweee.com\/en\/category\/green11\/Tomatoes?page=1&offset=0&filters=%7B%22catalogue_num%22%3A%22green11%22%7D&trigger_type=taxonomy_green11&filter_sub_category=green"
  },
  {
    "category":"veg",
    "product_name":"Medley Tomatoes 10 oz",
    "price":2.79,
    "unit_price":"$4.42\/lb",
    "sales_count":400.0,
    "image_url":"https:\/\/img08.weeecdn.net\/product\/image\/208\/514\/1657DA82B9F73AF8.png!c560x560_q80.auto",
    "source_url":"https:\/\/www.sayweee.com\/en\/category\/green11\/Tomatoes?page=1&offset=0&filters=%7B%22catalogue_num%22%3A%22green11%22%7D&trigger_type=taxonomy_green11&filter_sub_category=green"
  },
  {
    "category":"veg",
    "product_name":"Beefsteak Tomatoes 2 count",
    "price":2.79,
    "unit_price":"nan",
    "sales_count":100.0,
    "image_url":"https:\/\/img08.weeecdn.net\/product\/image\/048\/486\/1C4C76177988B8C4.png!c560x560_q80.auto",
    "source_url":"https:\/\/www.sayweee.com\/en\/category\/green11\/Tomatoes?page=1&offset=0&filters=%7B%22catalogue_num%22%3A%22green11%22%7D&trigger_type=taxonomy_green11&filter_sub_category=green"
  },
  {
    "category":"veg",
    "product_name":"Vine Sweet Strawberry Tomatoes 12 oz",
    "price":4.29,
    "unit_price":"$5.72\/lb",
    "sales_count":100.0,
    "image_url":"https:\/\/img08.weeecdn.net\/product\/image\/071\/064\/6050478A7FBA7A06.png!c560x560_q80.auto",
    "source_url":"https:\/\/www.sayweee.com\/en\/category\/green11\/Tomatoes?page=1&offset=0&filters=%7B%22catalogue_num%22%3A%22green11%22%7D&trigger_type=taxonomy_green11&filter_sub_category=green"
  },
  {
    "category":"veg",
    "product_name":"Orange Grape Tomato 10 - 12 oz",
    "price":2.79,
    "unit_price":"$4.04\/lb",
    "sales_count":100.0,
    "image_url":"https:\/\/img08.weeecdn.net\/product\/image\/874\/299\/70E50A036B494AC5.png!c560x560_q80.auto",
    "source_url":"https:\/\/www.sayweee.com\/en\/category\/green11\/Tomatoes?page=1&offset=0&filters=%7B%22catalogue_num%22%3A%22green11%22%7D&trigger_type=taxonomy_green11&filter_sub_category=green"
  },
  {
    "category":"veg",
    "product_name":"Heirloom Tomatoes 3 lb",
    "price":15.99,
    "unit_price":"$5.33\/lb",
    "sales_count":null,
    "image_url":"https:\/\/img08.weeecdn.net\/item\/image\/470\/660\/6D943D136022435C.jpg!c560x560_q80.auto",
    "source_url":"https:\/\/www.sayweee.com\/en\/category\/green11\/Tomatoes?page=1&offset=0&filters=%7B%22catalogue_num%22%3A%22green11%22%7D&trigger_type=taxonomy_green11&filter_sub_category=green"
  },
  {
    "category":"veg",
    "product_name":"Vine Tri-Color Cherry Tomatoes 12 oz",
    "price":4.29,
    "unit_price":"$5.72\/lb",
    "sales_count":50.0,
    "image_url":"https:\/\/img08.weeecdn.net\/product\/image\/362\/834\/10DE5DACF803A3C.png!c560x560_q80.auto",
    "source_url":"https:\/\/www.sayweee.com\/en\/category\/green11\/Tomatoes?page=1&offset=0&filters=%7B%22catalogue_num%22%3A%22green11%22%7D&trigger_type=taxonomy_green11&filter_sub_category=green"
  },
  {
    "category":"veg",
    "product_name":"Fresh Vine Tomato 4 lb",
    "price":8.49,
    "unit_price":"$2.12\/lb",
    "sales_count":1.0,
    "image_url":"https:\/\/img08.weeecdn.net\/product\/image\/113\/623\/4E38B7B235815E9A.png!c560x560_q80.auto",
    "source_url":"https:\/\/www.sayweee.com\/en\/category\/green11\/Tomatoes?page=1&offset=0&filters=%7B%22catalogue_num%22%3A%22green11%22%7D&trigger_type=taxonomy_green11&filter_sub_category=green"
  },
  {
    "category":"veg",
    "product_name":"Kumato Tomato 10 - 12 oz",
    "price":4.79,
    "unit_price":"$6.94\/lb",
    "sales_count":50.0,
    "image_url":"https:\/\/img08.weeecdn.net\/product\/image\/647\/678\/41F8A2644FD3FCFB.jpeg!c560x560_q80.auto",
    "source_url":"https:\/\/www.sayweee.com\/en\/category\/green11\/Tomatoes?page=1&offset=0&filters=%7B%22catalogue_num%22%3A%22green11%22%7D&trigger_type=taxonomy_green11&filter_sub_category=green"
  },
  {
    "category":"veg",
    "product_name":"Yellow Onion 3 lb",
    "price":1.99,
    "unit_price":"$0.66\/lb",
    "sales_count":null,
    "image_url":"https:\/\/img08.weeecdn.net\/product\/image\/080\/458\/24C7878A75735AE6.jpeg!c560x560_q80.auto",
    "source_url":"https:\/\/www.sayweee.com\/en\/category\/green06\/Onions-Shallots?page=1&offset=0&filters=%7B%22catalogue_num%22%3A%22green06%22%7D&trigger_type=taxonomy_green06&filter_sub_category=green"
  },
  {
    "category":"veg",
    "product_name":"Red Onions 2 lb",
    "price":2.79,
    "unit_price":"$1.39\/lb",
    "sales_count":null,
    "image_url":"https:\/\/img08.weeecdn.net\/item\/image\/797\/455\/7C929DC2F0F600BD.jpg!c560x560_q80.auto",
    "source_url":"https:\/\/www.sayweee.com\/en\/category\/green06\/Onions-Shallots?page=1&offset=0&filters=%7B%22catalogue_num%22%3A%22green06%22%7D&trigger_type=taxonomy_green06&filter_sub_category=green"
  },
  {
    "category":"veg",
    "product_name":"American Shallot 1 lb",
    "price":3.29,
    "unit_price":"nan",
    "sales_count":null,
    "image_url":"https:\/\/img08.weeecdn.net\/product\/image\/088\/545\/1A14E0FEAB5E6F0F.png!c560x560_q80.auto",
    "source_url":"https:\/\/www.sayweee.com\/en\/category\/green06\/Onions-Shallots?page=1&offset=0&filters=%7B%22catalogue_num%22%3A%22green06%22%7D&trigger_type=taxonomy_green06&filter_sub_category=green"
  },
  {
    "category":"veg",
    "product_name":"Red Pearl Onion 1 pack",
    "price":3.29,
    "unit_price":"$5.22\/lb",
    "sales_count":400.0,
    "image_url":"https:\/\/img08.weeecdn.net\/product\/image\/663\/343\/46410D70861A0D57.png!c560x560_q80.auto",
    "source_url":"https:\/\/www.sayweee.com\/en\/category\/green06\/Onions-Shallots?page=1&offset=0&filters=%7B%22catalogue_num%22%3A%22green06%22%7D&trigger_type=taxonomy_green06&filter_sub_category=green"
  },
  {
    "category":"veg",
    "product_name":"Bulb Onion 1 bunch",
    "price":1.79,
    "unit_price":"nan",
    "sales_count":200.0,
    "image_url":"https:\/\/img08.weeecdn.net\/product\/image\/847\/118\/550E4D02B0211ED6.jpeg!c560x560_q80.auto",
    "source_url":"https:\/\/www.sayweee.com\/en\/category\/green06\/Onions-Shallots?page=1&offset=0&filters=%7B%22catalogue_num%22%3A%22green06%22%7D&trigger_type=taxonomy_green06&filter_sub_category=green"
  },
  {
    "category":"veg",
    "product_name":"Sweet Onions 1.95-2.05 lb",
    "price":2.29,
    "unit_price":"$1.14\/lb",
    "sales_count":null,
    "image_url":"https:\/\/img08.weeecdn.net\/product\/image\/262\/385\/1512A06C5970F8C3.png!c560x560_q80.auto",
    "source_url":"https:\/\/www.sayweee.com\/en\/category\/green06\/Onions-Shallots?page=1&offset=0&filters=%7B%22catalogue_num%22%3A%22green06%22%7D&trigger_type=taxonomy_green06&filter_sub_category=green"
  },
  {
    "category":"veg",
    "product_name":"White Onions 2 lb",
    "price":2.29,
    "unit_price":"$1.14\/lb",
    "sales_count":700.0,
    "image_url":"https:\/\/img08.weeecdn.net\/item\/image\/050\/128\/6B8A258910BD3D3B.jpg!c560x560_q80.auto",
    "source_url":"https:\/\/www.sayweee.com\/en\/category\/green06\/Onions-Shallots?page=1&offset=0&filters=%7B%22catalogue_num%22%3A%22green06%22%7D&trigger_type=taxonomy_green06&filter_sub_category=green"
  },
  {
    "category":"veg",
    "product_name":"Yellow Onion 10 lb",
    "price":5.99,
    "unit_price":"$0.59\/lb",
    "sales_count":50.0,
    "image_url":"https:\/\/img08.weeecdn.net\/product\/image\/441\/801\/2E3E164BACE428B0.png!c560x560_q80.auto",
    "source_url":"https:\/\/www.sayweee.com\/en\/category\/green06\/Onions-Shallots?page=1&offset=0&filters=%7B%22catalogue_num%22%3A%22green06%22%7D&trigger_type=taxonomy_green06&filter_sub_category=green"
  },
  {
    "category":"veg",
    "product_name":"Gold Pearl Onion 225 g",
    "price":3.29,
    "unit_price":"$6.58\/lb",
    "sales_count":null,
    "image_url":"https:\/\/img08.weeecdn.net\/product\/image\/111\/416\/753987C4698CD49B.jpeg!c560x560_q80.auto",
    "source_url":"https:\/\/www.sayweee.com\/en\/category\/green06\/Onions-Shallots?page=1&offset=0&filters=%7B%22catalogue_num%22%3A%22green06%22%7D&trigger_type=taxonomy_green06&filter_sub_category=green"
  },
  {
    "category":"veg",
    "product_name":"Shallots 1 lb",
    "price":1.79,
    "unit_price":"nan",
    "sales_count":null,
    "image_url":"https:\/\/img08.weeecdn.net\/product\/image\/612\/334\/358BBC7AA7A9A382.png!c560x560_q80.auto",
    "source_url":"https:\/\/www.sayweee.com\/en\/category\/green06\/Onions-Shallots?page=1&offset=0&filters=%7B%22catalogue_num%22%3A%22green06%22%7D&trigger_type=taxonomy_green06&filter_sub_category=green"
  },
  {
    "category":"veg",
    "product_name":"Japanese White Daikon Radish 1.6-2 lb",
    "price":3.29,
    "unit_price":"$1.82\/lb",
    "sales_count":1.0,
    "image_url":"https:\/\/img08.weeecdn.net\/item\/image\/835\/856\/29C82D0D4097B62D.jpg!c560x560_q80.auto",
    "source_url":"https:\/\/www.sayweee.com\/en\/category\/green08\/Root-Vegetables?page=1&offset=0&filters=%7B%22catalogue_num%22%3A%22green08%22%7D&trigger_type=taxonomy_green08&filter_sub_category=green"
  },
  {
    "category":"veg",
    "product_name":"Carrots 1 lb",
    "price":1.29,
    "unit_price":"nan",
    "sales_count":1.0,
    "image_url":"https:\/\/img08.weeecdn.net\/item\/image\/266\/979\/7F855516AB432EF7.jpg!c560x560_q80.auto",
    "source_url":"https:\/\/www.sayweee.com\/en\/category\/green08\/Root-Vegetables?page=1&offset=0&filters=%7B%22catalogue_num%22%3A%22green08%22%7D&trigger_type=taxonomy_green08&filter_sub_category=green"
  },
  {
    "category":"veg",
    "product_name":"Fresh Lotus Root 2.4-2.7 lb",
    "price":6.99,
    "unit_price":"$2.74\/lb",
    "sales_count":null,
    "image_url":"https:\/\/img08.weeecdn.net\/item\/image\/540\/096\/10F2A72CF39E9883.jpg!c560x560_q80.auto",
    "source_url":"https:\/\/www.sayweee.com\/en\/category\/green08\/Root-Vegetables?page=1&offset=0&filters=%7B%22catalogue_num%22%3A%22green08%22%7D&trigger_type=taxonomy_green08&filter_sub_category=green"
  },
  {
    "category":"veg",
    "product_name":"Sweet Chinese White Radish 1.95-2.05 lb",
    "price":2.99,
    "unit_price":"$1.49\/lb",
    "sales_count":null,
    "image_url":"https:\/\/img08.weeecdn.net\/item\/image\/284\/799\/E02B88BDA7ACBE3.jpg!c560x560_q80.auto",
    "source_url":"https:\/\/www.sayweee.com\/en\/category\/green08\/Root-Vegetables?page=1&offset=0&filters=%7B%22catalogue_num%22%3A%22green08%22%7D&trigger_type=taxonomy_green08&filter_sub_category=green"
  },
  {
    "category":"veg",
    "product_name":"Korean Radish 2.7-3.5 lb",
    "price":2.99,
    "unit_price":"$0.96\/lb",
    "sales_count":null,
    "image_url":"https:\/\/img08.weeecdn.net\/product\/image\/250\/737\/31D17628A1FDC1B2.png!c560x560_q80.auto",
    "source_url":"https:\/\/www.sayweee.com\/en\/category\/green08\/Root-Vegetables?page=1&offset=0&filters=%7B%22catalogue_num%22%3A%22green08%22%7D&trigger_type=taxonomy_green08&filter_sub_category=green"
  },
  {
    "category":"veg",
    "product_name":"Jumbo Carrots 2.8-3 lb",
    "price":1.49,
    "unit_price":"$0.51\/lb",
    "sales_count":1.0,
    "image_url":"https:\/\/img08.weeecdn.net\/product\/image\/139\/137\/2A54E901AE4D70F8.png!c560x560_q80.auto",
    "source_url":"https:\/\/www.sayweee.com\/en\/category\/green08\/Root-Vegetables?page=1&offset=0&filters=%7B%22catalogue_num%22%3A%22green08%22%7D&trigger_type=taxonomy_green08&filter_sub_category=green"
  },
  {
    "category":"veg",
    "product_name":"Beet Loose 2 lb",
    "price":2.79,
    "unit_price":"$1.39\/lb",
    "sales_count":1.0,
    "image_url":"https:\/\/img08.weeecdn.net\/item\/image\/325\/053\/43DFF17A73B23FF3.jpg!c560x560_q80.auto",
    "source_url":"https:\/\/www.sayweee.com\/en\/category\/green08\/Root-Vegetables?page=1&offset=0&filters=%7B%22catalogue_num%22%3A%22green08%22%7D&trigger_type=taxonomy_green08&filter_sub_category=green"
  },
  {
    "category":"veg",
    "product_name":"Fresh Raw Wet Shelled Peanuts 2 lb",
    "price":5.29,
    "unit_price":"$2.64\/lb",
    "sales_count":1.0,
    "image_url":"https:\/\/img08.weeecdn.net\/item\/image\/544\/740\/5F207339F04B7598.jpg!c560x560_q80.auto",
    "source_url":"https:\/\/www.sayweee.com\/en\/category\/green08\/Root-Vegetables?page=1&offset=0&filters=%7B%22catalogue_num%22%3A%22green08%22%7D&trigger_type=taxonomy_green08&filter_sub_category=green"
  },
  {
    "category":"veg",
    "product_name":"Organic Fresh Carrots 1 each",
    "price":1.79,
    "unit_price":"nan",
    "sales_count":1.0,
    "image_url":"https:\/\/img08.weeecdn.net\/product\/image\/457\/164\/75658665FC0A5BC5.png!c560x560_q80.auto",
    "source_url":"https:\/\/www.sayweee.com\/en\/category\/green08\/Root-Vegetables?page=1&offset=0&filters=%7B%22catalogue_num%22%3A%22green08%22%7D&trigger_type=taxonomy_green08&filter_sub_category=green"
  },
  {
    "category":"veg",
    "product_name":"A Choy Sum 2.3-2.6 lb",
    "price":10.49,
    "unit_price":"$4.28\/lb",
    "sales_count":null,
    "image_url":"https:\/\/img08.weeecdn.net\/item\/image\/265\/905\/1AAE9F5509AFD1FD.jpg!c560x560_q80.auto",
    "source_url":"https:\/\/www.sayweee.com\/en\/category\/green08\/Root-Vegetables?page=1&offset=0&filters=%7B%22catalogue_num%22%3A%22green08%22%7D&trigger_type=taxonomy_green08&filter_sub_category=green"
  },
  {
    "category":"veg",
    "product_name":"Baby Carrots 1 lb",
    "price":1.79,
    "unit_price":"nan",
    "sales_count":700.0,
    "image_url":"https:\/\/img08.weeecdn.net\/product\/image\/159\/988\/389688AF88753B6A.png!c560x560_q80.auto",
    "source_url":"https:\/\/www.sayweee.com\/en\/category\/green08\/Root-Vegetables?page=1&offset=0&filters=%7B%22catalogue_num%22%3A%22green08%22%7D&trigger_type=taxonomy_green08&filter_sub_category=green"
  },
  {
    "category":"veg",
    "product_name":"Peeled Taro Root 1 each",
    "price":7.49,
    "unit_price":"nan",
    "sales_count":null,
    "image_url":"https:\/\/img08.weeecdn.net\/item\/image\/984\/875\/73EDD826EEE77ECD.jpg!c560x560_q80.auto",
    "source_url":"https:\/\/www.sayweee.com\/en\/category\/green08\/Root-Vegetables?page=1&offset=0&filters=%7B%22catalogue_num%22%3A%22green08%22%7D&trigger_type=taxonomy_green08&filter_sub_category=green"
  },
  {
    "category":"veg",
    "product_name":"Burdock Root 1.4-1.6 lb",
    "price":6.29,
    "unit_price":"$4.19\/lb",
    "sales_count":600.0,
    "image_url":"https:\/\/img08.weeecdn.net\/product\/image\/029\/702\/12CF87F784B0704.png!c560x560_q80.auto",
    "source_url":"https:\/\/www.sayweee.com\/en\/category\/green08\/Root-Vegetables?page=1&offset=0&filters=%7B%22catalogue_num%22%3A%22green08%22%7D&trigger_type=taxonomy_green08&filter_sub_category=green"
  },
  {
    "category":"veg",
    "product_name":"Jicama 3-3.5 lb",
    "price":5.29,
    "unit_price":"$1.62\/lb",
    "sales_count":500.0,
    "image_url":"https:\/\/img08.weeecdn.net\/item\/image\/409\/345\/2AED132DD880CE28.jpg!c560x560_q80.auto",
    "source_url":"https:\/\/www.sayweee.com\/en\/category\/green08\/Root-Vegetables?page=1&offset=0&filters=%7B%22catalogue_num%22%3A%22green08%22%7D&trigger_type=taxonomy_green08&filter_sub_category=green"
  },
  {
    "category":"veg",
    "product_name":"Chinese Leek 0.95-1.05 lb",
    "price":3.29,
    "unit_price":"nan",
    "sales_count":1.0,
    "image_url":"https:\/\/img08.weeecdn.net\/item\/image\/412\/842\/472F51B4D1DD97F3.jpg!c560x560_q80.auto",
    "source_url":"https:\/\/www.sayweee.com\/en\/category\/green08\/Root-Vegetables?page=1&offset=0&filters=%7B%22catalogue_num%22%3A%22green08%22%7D&trigger_type=taxonomy_green08&filter_sub_category=green"
  },
  {
    "category":"veg",
    "product_name":"Shredded Carrots 10 oz",
    "price":2.79,
    "unit_price":"$4.42\/lb",
    "sales_count":300.0,
    "image_url":"https:\/\/img08.weeecdn.net\/product\/image\/250\/481\/4FE99CEDD281D71.jpeg!c560x560_q80.auto",
    "source_url":"https:\/\/www.sayweee.com\/en\/category\/green08\/Root-Vegetables?page=1&offset=0&filters=%7B%22catalogue_num%22%3A%22green08%22%7D&trigger_type=taxonomy_green08&filter_sub_category=green"
  },
  {
    "category":"veg",
    "product_name":"Water Caltrop Nuts 2 lb",
    "price":4.99,
    "unit_price":"$2.49\/lb",
    "sales_count":200.0,
    "image_url":"https:\/\/img08.weeecdn.net\/item\/image\/525\/527\/415F3B1EF2A2EBF4.jpg!c560x560_q80.auto",
    "source_url":"https:\/\/www.sayweee.com\/en\/category\/green08\/Root-Vegetables?page=1&offset=0&filters=%7B%22catalogue_num%22%3A%22green08%22%7D&trigger_type=taxonomy_green08&filter_sub_category=green"
  },
  {
    "category":"veg",
    "product_name":"Asparagus 1 bunch",
    "price":7.49,
    "unit_price":"nan",
    "sales_count":700.0,
    "image_url":"https:\/\/img08.weeecdn.net\/item\/image\/834\/257\/DA354DE1155DFCC.jpg!c560x560_q80.auto",
    "source_url":"https:\/\/www.sayweee.com\/en\/category\/green08\/Root-Vegetables?page=1&offset=0&filters=%7B%22catalogue_num%22%3A%22green08%22%7D&trigger_type=taxonomy_green08&filter_sub_category=green"
  },
  {
    "category":"veg",
    "product_name":"Green Radish 1.8-2.1 lb",
    "price":3.29,
    "unit_price":"$1.68\/lb",
    "sales_count":900.0,
    "image_url":"https:\/\/img08.weeecdn.net\/product\/image\/781\/840\/93249899D5B8EAF.png!c560x560_q80.auto",
    "source_url":"https:\/\/www.sayweee.com\/en\/category\/green08\/Root-Vegetables?page=1&offset=0&filters=%7B%22catalogue_num%22%3A%22green08%22%7D&trigger_type=taxonomy_green08&filter_sub_category=green"
  },
  {
    "category":"veg",
    "product_name":"Radish Cello 1 lb",
    "price":2.29,
    "unit_price":"nan",
    "sales_count":200.0,
    "image_url":"https:\/\/img08.weeecdn.net\/product\/image\/838\/773\/52A8F4C7F8A6B4C2.png!c560x560_q80.auto",
    "source_url":"https:\/\/www.sayweee.com\/en\/category\/green08\/Root-Vegetables?page=1&offset=0&filters=%7B%22catalogue_num%22%3A%22green08%22%7D&trigger_type=taxonomy_green08&filter_sub_category=green"
  },
  {
    "category":"veg",
    "product_name":"Yuca Root 2-2.5 lb",
    "price":5.29,
    "unit_price":"$2.35\/lb",
    "sales_count":200.0,
    "image_url":"https:\/\/img08.weeecdn.net\/product\/image\/801\/536\/2AAC10CD1E1AEDA5.png!c560x560_q80.auto",
    "source_url":"https:\/\/www.sayweee.com\/en\/category\/green08\/Root-Vegetables?page=1&offset=0&filters=%7B%22catalogue_num%22%3A%22green08%22%7D&trigger_type=taxonomy_green08&filter_sub_category=green"
  },
  {
    "category":"veg",
    "product_name":"Sunchoke 1 lb",
    "price":3.29,
    "unit_price":"nan",
    "sales_count":100.0,
    "image_url":"https:\/\/img08.weeecdn.net\/item\/image\/707\/174\/5FF6DA7D0E9D46A1.jpg!c560x560_q80.auto",
    "source_url":"https:\/\/www.sayweee.com\/en\/category\/green08\/Root-Vegetables?page=1&offset=0&filters=%7B%22catalogue_num%22%3A%22green08%22%7D&trigger_type=taxonomy_green08&filter_sub_category=green"
  },
  {
    "category":"veg",
    "product_name":"Organic Carrot Baby 1 lb",
    "price":1.99,
    "unit_price":"nan",
    "sales_count":50.0,
    "image_url":"https:\/\/img08.weeecdn.net\/item\/image\/387\/888\/30EFD9A5C293DACE.jpg!c560x560_q80.auto",
    "source_url":"https:\/\/www.sayweee.com\/en\/category\/green08\/Root-Vegetables?page=1&offset=0&filters=%7B%22catalogue_num%22%3A%22green08%22%7D&trigger_type=taxonomy_green08&filter_sub_category=green"
  },
  {
    "category":"veg",
    "product_name":"Fresh Young Jicama 3-3.5 lb",
    "price":6.29,
    "unit_price":"$1.93\/lb",
    "sales_count":300.0,
    "image_url":"https:\/\/img08.weeecdn.net\/product\/image\/252\/237\/6594A6E81C7D8193.png!c560x560_q80.auto",
    "source_url":"https:\/\/www.sayweee.com\/en\/category\/green08\/Root-Vegetables?page=1&offset=0&filters=%7B%22catalogue_num%22%3A%22green08%22%7D&trigger_type=taxonomy_green08&filter_sub_category=green"
  },
  {
    "category":"veg",
    "product_name":"Beet Bunch 1 bunch",
    "price":3.79,
    "unit_price":"nan",
    "sales_count":50.0,
    "image_url":"https:\/\/img08.weeecdn.net\/product\/image\/203\/725\/38846194B321FAD0.jpeg!c560x560_q80.auto",
    "source_url":"https:\/\/www.sayweee.com\/en\/category\/green08\/Root-Vegetables?page=1&offset=0&filters=%7B%22catalogue_num%22%3A%22green08%22%7D&trigger_type=taxonomy_green08&filter_sub_category=green"
  },
  {
    "category":"veg",
    "product_name":"Organic Rainbow Baby-Cut Carrots one bag 12 oz",
    "price":3.29,
    "unit_price":"$4.38\/lb",
    "sales_count":null,
    "image_url":"https:\/\/img08.weeecdn.net\/product\/image\/342\/512\/2B551E23268343E6.png!c560x560_q80.auto",
    "source_url":"https:\/\/www.sayweee.com\/en\/category\/green08\/Root-Vegetables?page=1&offset=0&filters=%7B%22catalogue_num%22%3A%22green08%22%7D&trigger_type=taxonomy_green08&filter_sub_category=green"
  },
  {
    "category":"veg",
    "product_name":"Parsnip 2 lb",
    "price":4.29,
    "unit_price":"$2.14\/lb",
    "sales_count":null,
    "image_url":"https:\/\/img08.weeecdn.net\/product\/image\/510\/028\/2CD3DF70EBE30F7B.jpeg!c560x560_q80.auto",
    "source_url":"https:\/\/www.sayweee.com\/en\/category\/green08\/Root-Vegetables?page=1&offset=0&filters=%7B%22catalogue_num%22%3A%22green08%22%7D&trigger_type=taxonomy_green08&filter_sub_category=green"
  },
  {
    "category":"veg",
    "product_name":"Korean Yeolmu 1 bunch",
    "price":0.79,
    "unit_price":"nan",
    "sales_count":500.0,
    "image_url":"https:\/\/img08.weeecdn.net\/product\/image\/406\/100\/4C511301F1D4B4F.png!c560x560_q80.auto",
    "source_url":"https:\/\/www.sayweee.com\/en\/category\/green08\/Root-Vegetables?page=1&offset=0&filters=%7B%22catalogue_num%22%3A%22green08%22%7D&trigger_type=taxonomy_green08&filter_sub_category=green"
  },
  {
    "category":"veg",
    "product_name":"Arrowhead Root 1 lb",
    "price":2.99,
    "unit_price":"nan",
    "sales_count":300.0,
    "image_url":"https:\/\/img08.weeecdn.net\/item\/image\/951\/271\/3C3CB1813A929FE9.jpg!c560x560_q80.auto",
    "source_url":"https:\/\/www.sayweee.com\/en\/category\/green08\/Root-Vegetables?page=1&offset=0&filters=%7B%22catalogue_num%22%3A%22green08%22%7D&trigger_type=taxonomy_green08&filter_sub_category=green"
  },
  {
    "category":"veg",
    "product_name":"White Turnip 3 lb",
    "price":4.29,
    "unit_price":"$1.43\/lb",
    "sales_count":null,
    "image_url":"https:\/\/img08.weeecdn.net\/item\/image\/672\/442\/303DE7E727F4EDD1.jpg!c560x560_q80.auto",
    "source_url":"https:\/\/www.sayweee.com\/en\/category\/green08\/Root-Vegetables?page=1&offset=0&filters=%7B%22catalogue_num%22%3A%22green08%22%7D&trigger_type=taxonomy_green08&filter_sub_category=green"
  },
  {
    "category":"veg",
    "product_name":"Watermelon Radish 2 lb",
    "price":4.29,
    "unit_price":"$2.14\/lb",
    "sales_count":100.0,
    "image_url":"https:\/\/img08.weeecdn.net\/item\/image\/345\/793\/45BC96AC00375602.jpg!c560x560_q80.auto",
    "source_url":"https:\/\/www.sayweee.com\/en\/category\/green08\/Root-Vegetables?page=1&offset=0&filters=%7B%22catalogue_num%22%3A%22green08%22%7D&trigger_type=taxonomy_green08&filter_sub_category=green"
  },
  {
    "category":"veg",
    "product_name":"Fresh Ginseng 4 oz",
    "price":14.99,
    "unit_price":"$59.96\/lb",
    "sales_count":50.0,
    "image_url":"https:\/\/img08.weeecdn.net\/product\/image\/523\/095\/42973AE44A00031D.png!c560x560_q80.auto",
    "source_url":"https:\/\/www.sayweee.com\/en\/category\/green08\/Root-Vegetables?page=1&offset=0&filters=%7B%22catalogue_num%22%3A%22green08%22%7D&trigger_type=taxonomy_green08&filter_sub_category=green"
  },
  {
    "category":"veg",
    "product_name":"Fresh Lily Bulb Slices 125 g",
    "price":5.29,
    "unit_price":"$18.89\/lb",
    "sales_count":700.0,
    "image_url":"https:\/\/img08.weeecdn.net\/product\/image\/282\/453\/4EF1213358335375.png!c560x560_q80.auto",
    "source_url":"https:\/\/www.sayweee.com\/en\/category\/green08\/Root-Vegetables?page=1&offset=0&filters=%7B%22catalogue_num%22%3A%22green08%22%7D&trigger_type=taxonomy_green08&filter_sub_category=green"
  },
  {
    "category":"veg",
    "product_name":"Kohlrabi 2.65-2.95 lb",
    "price":5.79,
    "unit_price":"$2.06\/lb",
    "sales_count":400.0,
    "image_url":"https:\/\/img08.weeecdn.net\/item\/image\/964\/825\/41DD95E862A68D93.jpg!c560x560_q80.auto",
    "source_url":"https:\/\/www.sayweee.com\/en\/category\/green08\/Root-Vegetables?page=1&offset=0&filters=%7B%22catalogue_num%22%3A%22green08%22%7D&trigger_type=taxonomy_green08&filter_sub_category=green"
  },
  {
    "category":"veg",
    "product_name":"Korean Radish 1 bunch",
    "price":0.79,
    "unit_price":"nan",
    "sales_count":600.0,
    "image_url":"https:\/\/img08.weeecdn.net\/item\/image\/537\/614\/49661F3C2523105A.jpg!c560x560_q80.auto",
    "source_url":"https:\/\/www.sayweee.com\/en\/category\/green08\/Root-Vegetables?page=1&offset=0&filters=%7B%22catalogue_num%22%3A%22green08%22%7D&trigger_type=taxonomy_green08&filter_sub_category=green"
  },
  {
    "category":"veg",
    "product_name":"Fresh Bamboo 2-2.3 lb",
    "price":10.49,
    "unit_price":"$4.87\/lb",
    "sales_count":50.0,
    "image_url":"https:\/\/img08.weeecdn.net\/product\/image\/798\/272\/20A4674953DC8F97.png!c560x560_q80.auto",
    "source_url":"https:\/\/www.sayweee.com\/en\/category\/green08\/Root-Vegetables?page=1&offset=0&filters=%7B%22catalogue_num%22%3A%22green08%22%7D&trigger_type=taxonomy_green08&filter_sub_category=green"
  },
  {
    "category":"veg",
    "product_name":"Indian Red Carrots 1 lb",
    "price":1.99,
    "unit_price":"nan",
    "sales_count":200.0,
    "image_url":"https:\/\/img08.weeecdn.net\/product\/image\/690\/390\/5E17FDD8776E4BA.png!c560x560_q80.auto",
    "source_url":"https:\/\/www.sayweee.com\/en\/category\/green08\/Root-Vegetables?page=1&offset=0&filters=%7B%22catalogue_num%22%3A%22green08%22%7D&trigger_type=taxonomy_green08&filter_sub_category=green"
  },
  {
    "category":"veg",
    "product_name":"Red Radish 1 bunch",
    "price":1.79,
    "unit_price":"nan",
    "sales_count":200.0,
    "image_url":"https:\/\/img08.weeecdn.net\/item\/image\/464\/100\/5C92B5654EF106A1.jpg!c560x560_q80.auto",
    "source_url":"https:\/\/www.sayweee.com\/en\/category\/green08\/Root-Vegetables?page=1&offset=0&filters=%7B%22catalogue_num%22%3A%22green08%22%7D&trigger_type=taxonomy_green08&filter_sub_category=green"
  },
  {
    "category":"veg",
    "product_name":"Organic Celery 1 count",
    "price":4.29,
    "unit_price":"nan",
    "sales_count":null,
    "image_url":"https:\/\/img08.weeecdn.net\/item\/image\/428\/136\/1D4E35D94D978321.jpg!c560x560_q80.auto",
    "source_url":"https:\/\/www.sayweee.com\/en\/category\/green08\/Root-Vegetables?page=1&offset=0&filters=%7B%22catalogue_num%22%3A%22green08%22%7D&trigger_type=taxonomy_green08&filter_sub_category=green"
  },
  {
    "category":"veg",
    "product_name":"Shanghai Bok Choy 2 lb",
    "price":2.99,
    "unit_price":"$1.49\/lb",
    "sales_count":null,
    "image_url":"https:\/\/img08.weeecdn.net\/product\/image\/659\/968\/573FC6AF9F9C81.png!c560x560_q80.auto",
    "source_url":"https:\/\/www.sayweee.com\/en\/category\/green01\/Leafy-Vegetables?page=1&offset=0&filters=%7B%22catalogue_num%22%3A%22green01%22%7D&trigger_type=taxonomy_green01&filter_sub_category=green"
  },
  {
    "category":"veg",
    "product_name":"Spinach 1 bunch",
    "price":2.79,
    "unit_price":"nan",
    "sales_count":null,
    "image_url":"https:\/\/img08.weeecdn.net\/item\/image\/314\/443\/67F74DC84AB5F275.jpg!c560x560_q80.auto",
    "source_url":"https:\/\/www.sayweee.com\/en\/category\/green01\/Leafy-Vegetables?page=1&offset=0&filters=%7B%22catalogue_num%22%3A%22green01%22%7D&trigger_type=taxonomy_green01&filter_sub_category=green"
  },
  {
    "category":"veg",
    "product_name":"Green Cabbage 1 count",
    "price":1.88,
    "unit_price":"nan",
    "sales_count":1.0,
    "image_url":"https:\/\/img08.weeecdn.net\/product\/image\/052\/118\/6D491D9B1E40B83C.png!c560x560_q80.auto",
    "source_url":"https:\/\/www.sayweee.com\/en\/category\/green01\/Leafy-Vegetables?page=1&offset=0&filters=%7B%22catalogue_num%22%3A%22green01%22%7D&trigger_type=taxonomy_green01&filter_sub_category=green"
  },
  {
    "category":"veg",
    "product_name":"Ong Choy Mieu 0.95-1.05 lb",
    "price":2.99,
    "unit_price":"nan",
    "sales_count":1.0,
    "image_url":"https:\/\/img08.weeecdn.net\/product\/image\/330\/374\/7A2524345092E95F.png!c560x560_q80.auto",
    "source_url":"https:\/\/www.sayweee.com\/en\/category\/green01\/Leafy-Vegetables?page=1&offset=0&filters=%7B%22catalogue_num%22%3A%22green01%22%7D&trigger_type=taxonomy_green01&filter_sub_category=green"
  },
  {
    "category":"veg",
    "product_name":"Baby Bok Choy 0.95-1.05 lb",
    "price":2.29,
    "unit_price":"nan",
    "sales_count":1.0,
    "image_url":"https:\/\/img08.weeecdn.net\/product\/image\/965\/504\/37D166B22B08B048.png!c560x560_q80.auto",
    "source_url":"https:\/\/www.sayweee.com\/en\/category\/green01\/Leafy-Vegetables?page=1&offset=0&filters=%7B%22catalogue_num%22%3A%22green01%22%7D&trigger_type=taxonomy_green01&filter_sub_category=green"
  },
  {
    "category":"veg",
    "product_name":"Yu Choy Mieu 0.95-1 lb",
    "price":3.99,
    "unit_price":"$4.07\/lb",
    "sales_count":null,
    "image_url":"https:\/\/img08.weeecdn.net\/product\/image\/343\/640\/197D632D5F62B5D9.png!c560x560_q80.auto",
    "source_url":"https:\/\/www.sayweee.com\/en\/category\/green01\/Leafy-Vegetables?page=1&offset=0&filters=%7B%22catalogue_num%22%3A%22green01%22%7D&trigger_type=taxonomy_green01&filter_sub_category=green"
  },
  {
    "category":"veg",
    "product_name":"Tong Ho (Chrysanthemum Greens) 1 lb",
    "price":2.49,
    "unit_price":"nan",
    "sales_count":null,
    "image_url":"https:\/\/img08.weeecdn.net\/product\/image\/270\/058\/E8AF3BB586051ED.png!c560x560_q80.auto",
    "source_url":"https:\/\/www.sayweee.com\/en\/category\/green01\/Leafy-Vegetables?page=1&offset=0&filters=%7B%22catalogue_num%22%3A%22green01%22%7D&trigger_type=taxonomy_green01&filter_sub_category=green"
  },
  {
    "category":"veg",
    "product_name":"Taiwan Cabbage 1 count",
    "price":4.29,
    "unit_price":"nan",
    "sales_count":1.0,
    "image_url":"https:\/\/img08.weeecdn.net\/product\/image\/726\/117\/33C7F47F6185CC8D.png!c560x560_q80.auto",
    "source_url":"https:\/\/www.sayweee.com\/en\/category\/green01\/Leafy-Vegetables?page=1&offset=0&filters=%7B%22catalogue_num%22%3A%22green01%22%7D&trigger_type=taxonomy_green01&filter_sub_category=green"
  },
  {
    "category":"veg",
    "product_name":"Watercress 1 bunch",
    "price":1.79,
    "unit_price":"nan",
    "sales_count":1.0,
    "image_url":"https:\/\/img08.weeecdn.net\/product\/image\/511\/129\/3885EC8A41860BF9.png!c560x560_q80.auto",
    "source_url":"https:\/\/www.sayweee.com\/en\/category\/green01\/Leafy-Vegetables?page=1&offset=0&filters=%7B%22catalogue_num%22%3A%22green01%22%7D&trigger_type=taxonomy_green01&filter_sub_category=green"
  },
  {
    "category":"veg",
    "product_name":"Gai Lan Mieu 1 lb",
    "price":3.99,
    "unit_price":"nan",
    "sales_count":null,
    "image_url":"https:\/\/img08.weeecdn.net\/product\/image\/255\/947\/1DA9269D719EB4E1.png!c560x560_q80.auto",
    "source_url":"https:\/\/www.sayweee.com\/en\/category\/green01\/Leafy-Vegetables?page=1&offset=0&filters=%7B%22catalogue_num%22%3A%22green01%22%7D&trigger_type=taxonomy_green01&filter_sub_category=green"
  },
  {
    "category":"veg",
    "product_name":"Celery 1 bunch",
    "price":1.99,
    "unit_price":"nan",
    "sales_count":null,
    "image_url":"https:\/\/img08.weeecdn.net\/product\/image\/432\/092\/1EFB1B2B301AAF91.png!c560x560_q80.auto",
    "source_url":"https:\/\/www.sayweee.com\/en\/category\/green01\/Leafy-Vegetables?page=1&offset=0&filters=%7B%22catalogue_num%22%3A%22green01%22%7D&trigger_type=taxonomy_green01&filter_sub_category=green"
  },
  {
    "category":"veg",
    "product_name":"Shanghai Mieu 2 lb",
    "price":4.79,
    "unit_price":"$2.39\/lb",
    "sales_count":null,
    "image_url":"https:\/\/img08.weeecdn.net\/item\/image\/761\/935\/7C35D31DFDF6461E.jpg!c560x560_q80.auto",
    "source_url":"https:\/\/www.sayweee.com\/en\/category\/green01\/Leafy-Vegetables?page=1&offset=0&filters=%7B%22catalogue_num%22%3A%22green01%22%7D&trigger_type=taxonomy_green01&filter_sub_category=green"
  },
  {
    "category":"veg",
    "product_name":"Pea Tips 0.95-1.05 lb",
    "price":8.99,
    "unit_price":"nan",
    "sales_count":1.0,
    "image_url":"https:\/\/img08.weeecdn.net\/item\/image\/945\/225\/6B45485984BC9FF.jpg!c560x560_q80.auto",
    "source_url":"https:\/\/www.sayweee.com\/en\/category\/green01\/Leafy-Vegetables?page=1&offset=0&filters=%7B%22catalogue_num%22%3A%22green01%22%7D&trigger_type=taxonomy_green01&filter_sub_category=green"
  },
  {
    "category":"veg",
    "product_name":"Broccoli 1.95-2.05 lb",
    "price":4.79,
    "unit_price":"$2.39\/lb",
    "sales_count":null,
    "image_url":"https:\/\/img08.weeecdn.net\/item\/image\/785\/339\/5FA445CC829FEF1F.jpg!c560x560_q80.auto",
    "source_url":"https:\/\/www.sayweee.com\/en\/category\/green01\/Leafy-Vegetables?page=1&offset=0&filters=%7B%22catalogue_num%22%3A%22green01%22%7D&trigger_type=taxonomy_green01&filter_sub_category=green"
  },
  {
    "category":"veg",
    "product_name":"Cauliflower 1 count",
    "price":6.29,
    "unit_price":"nan",
    "sales_count":1.0,
    "image_url":"https:\/\/img08.weeecdn.net\/item\/image\/471\/512\/7AC34DEB70D536E4.jpg!c560x560_q80.auto",
    "source_url":"https:\/\/www.sayweee.com\/en\/category\/green01\/Leafy-Vegetables?page=1&offset=0&filters=%7B%22catalogue_num%22%3A%22green01%22%7D&trigger_type=taxonomy_green01&filter_sub_category=green"
  },
  {
    "category":"veg",
    "product_name":"Green Leaf Lettuce Bunch 1 count",
    "price":3.79,
    "unit_price":"nan",
    "sales_count":1.0,
    "image_url":"https:\/\/img08.weeecdn.net\/product\/image\/693\/547\/7240625782490C5B.png!c560x560_q80.auto",
    "source_url":"https:\/\/www.sayweee.com\/en\/category\/green01\/Leafy-Vegetables?page=1&offset=0&filters=%7B%22catalogue_num%22%3A%22green01%22%7D&trigger_type=taxonomy_green01&filter_sub_category=green"
  },
  {
    "category":"veg",
    "product_name":"Rau Ram Vietnamese Coriander 1 bunch",
    "price":1.79,
    "unit_price":"nan",
    "sales_count":1.0,
    "image_url":"https:\/\/img08.weeecdn.net\/item\/image\/455\/703\/C8530828F7DC4F9.jpg!c560x560_q80.auto",
    "source_url":"https:\/\/www.sayweee.com\/en\/category\/green01\/Leafy-Vegetables?page=1&offset=0&filters=%7B%22catalogue_num%22%3A%22green01%22%7D&trigger_type=taxonomy_green01&filter_sub_category=green"
  },
  {
    "category":"veg",
    "product_name":"Sweet Bok Choy 2-2.5 lb",
    "price":4.29,
    "unit_price":"$1.90\/lb",
    "sales_count":1.0,
    "image_url":"https:\/\/img08.weeecdn.net\/item\/image\/308\/229\/36779D84C1690AF0.jpg!c560x560_q80.auto",
    "source_url":"https:\/\/www.sayweee.com\/en\/category\/green01\/Leafy-Vegetables?page=1&offset=0&filters=%7B%22catalogue_num%22%3A%22green01%22%7D&trigger_type=taxonomy_green01&filter_sub_category=green"
  },
  {
    "category":"veg",
    "product_name":"Fresh Pandan Leaf 100 g",
    "price":3.49,
    "unit_price":"$15.86\/lb",
    "sales_count":300.0,
    "image_url":"https:\/\/img08.weeecdn.net\/product\/image\/470\/958\/616EB00DD69694F1.jpeg!c560x560_q80.auto",
    "source_url":"https:\/\/www.sayweee.com\/en\/category\/green01\/Leafy-Vegetables?page=1&offset=0&filters=%7B%22catalogue_num%22%3A%22green01%22%7D&trigger_type=taxonomy_green01&filter_sub_category=green"
  },
  {
    "category":"veg",
    "product_name":"Red Shen Choy Mieu 0.95-1.05 lb",
    "price":5.29,
    "unit_price":"nan",
    "sales_count":1.0,
    "image_url":"https:\/\/img08.weeecdn.net\/item\/image\/983\/519\/CA4B39C17C9C1C.jpg!c560x560_q80.auto",
    "source_url":"https:\/\/www.sayweee.com\/en\/category\/green01\/Leafy-Vegetables?page=1&offset=0&filters=%7B%22catalogue_num%22%3A%22green01%22%7D&trigger_type=taxonomy_green01&filter_sub_category=green"
  },
  {
    "category":"veg",
    "product_name":"A Choy 0.95-1.05 lb",
    "price":3.79,
    "unit_price":"nan",
    "sales_count":null,
    "image_url":"https:\/\/img08.weeecdn.net\/product\/image\/778\/127\/5FE4DAC42F215996.png!c560x560_q80.auto",
    "source_url":"https:\/\/www.sayweee.com\/en\/category\/green01\/Leafy-Vegetables?page=1&offset=0&filters=%7B%22catalogue_num%22%3A%22green01%22%7D&trigger_type=taxonomy_green01&filter_sub_category=green"
  },
  {
    "category":"veg",
    "product_name":"Yam Leaf 1 lb",
    "price":3.99,
    "unit_price":"nan",
    "sales_count":1.0,
    "image_url":"https:\/\/img08.weeecdn.net\/product\/image\/650\/071\/3B8576DF51A76F2D.png!c560x560_q80.auto",
    "source_url":"https:\/\/www.sayweee.com\/en\/category\/green01\/Leafy-Vegetables?page=1&offset=0&filters=%7B%22catalogue_num%22%3A%22green01%22%7D&trigger_type=taxonomy_green01&filter_sub_category=green"
  },
  {
    "category":"veg",
    "product_name":"Taiwan Spinach 0.95-1.05 lb",
    "price":3.79,
    "unit_price":"nan",
    "sales_count":1.0,
    "image_url":"https:\/\/img08.weeecdn.net\/product\/image\/287\/883\/2E42F6BC974F0CB8.png!c560x560_q80.auto",
    "source_url":"https:\/\/www.sayweee.com\/en\/category\/green01\/Leafy-Vegetables?page=1&offset=0&filters=%7B%22catalogue_num%22%3A%22green01%22%7D&trigger_type=taxonomy_green01&filter_sub_category=green"
  },
  {
    "category":"veg",
    "product_name":"Chinese Cauliflower 2.3-2.5 lb",
    "price":7.49,
    "unit_price":"$3.12\/lb",
    "sales_count":1.0,
    "image_url":"https:\/\/img08.weeecdn.net\/item\/image\/022\/990\/5036A000D9D406BA.jpg!c560x560_q80.auto",
    "source_url":"https:\/\/www.sayweee.com\/en\/category\/green01\/Leafy-Vegetables?page=1&offset=0&filters=%7B%22catalogue_num%22%3A%22green01%22%7D&trigger_type=taxonomy_green01&filter_sub_category=green"
  },
  {
    "category":"veg",
    "product_name":"Local Malabar Spinach 1 lb",
    "price":3.99,
    "unit_price":"nan",
    "sales_count":1.0,
    "image_url":"https:\/\/img08.weeecdn.net\/description\/image\/615\/856\/143DF7E6366C7ED4.png!c560x560_q80.auto",
    "source_url":"https:\/\/www.sayweee.com\/en\/category\/green01\/Leafy-Vegetables?page=1&offset=0&filters=%7B%22catalogue_num%22%3A%22green01%22%7D&trigger_type=taxonomy_green01&filter_sub_category=green"
  },
  {
    "category":"veg",
    "product_name":"Long Bok Choy 2 lb",
    "price":3.99,
    "unit_price":"$1.99\/lb",
    "sales_count":900.0,
    "image_url":"https:\/\/img08.weeecdn.net\/product\/image\/405\/582\/722EDA6793DE2590.png!c560x560_q80.auto",
    "source_url":"https:\/\/www.sayweee.com\/en\/category\/green01\/Leafy-Vegetables?page=1&offset=0&filters=%7B%22catalogue_num%22%3A%22green01%22%7D&trigger_type=taxonomy_green01&filter_sub_category=green"
  },
  {
    "category":"veg",
    "product_name":"Garlic Chives with Flower 0.95-1.05 lb",
    "price":5.99,
    "unit_price":"nan",
    "sales_count":900.0,
    "image_url":"https:\/\/img08.weeecdn.net\/product\/image\/912\/513\/27B8F593917D2404.png!c560x560_q80.auto",
    "source_url":"https:\/\/www.sayweee.com\/en\/category\/green01\/Leafy-Vegetables?page=1&offset=0&filters=%7B%22catalogue_num%22%3A%22green01%22%7D&trigger_type=taxonomy_green01&filter_sub_category=green"
  },
  {
    "category":"veg",
    "product_name":"Potherb Mustard 2 lb",
    "price":6.29,
    "unit_price":"$3.14\/lb",
    "sales_count":1.0,
    "image_url":"https:\/\/img08.weeecdn.net\/product\/image\/386\/318\/34A91D978BBA8EA3.png!c560x560_q80.auto",
    "source_url":"https:\/\/www.sayweee.com\/en\/category\/green01\/Leafy-Vegetables?page=1&offset=0&filters=%7B%22catalogue_num%22%3A%22green01%22%7D&trigger_type=taxonomy_green01&filter_sub_category=green"
  },
  {
    "category":"veg",
    "product_name":"Naiyu Choy 2 lb",
    "price":3.79,
    "unit_price":"$1.89\/lb",
    "sales_count":600.0,
    "image_url":"https:\/\/img08.weeecdn.net\/product\/image\/194\/335\/53E4E127547D9FF1.jpeg!c560x560_q80.auto",
    "source_url":"https:\/\/www.sayweee.com\/en\/category\/green01\/Leafy-Vegetables?page=1&offset=0&filters=%7B%22catalogue_num%22%3A%22green01%22%7D&trigger_type=taxonomy_green01&filter_sub_category=green"
  },
  {
    "category":"veg",
    "product_name":"Chinese Celery 1.95-2.05 lb",
    "price":6.29,
    "unit_price":"$3.14\/lb",
    "sales_count":600.0,
    "image_url":"https:\/\/img08.weeecdn.net\/product\/image\/022\/292\/74EFECA1A67B4D4.png!c560x560_q80.auto",
    "source_url":"https:\/\/www.sayweee.com\/en\/category\/green01\/Leafy-Vegetables?page=1&offset=0&filters=%7B%22catalogue_num%22%3A%22green01%22%7D&trigger_type=taxonomy_green01&filter_sub_category=green"
  },
  {
    "category":"veg",
    "product_name":"Banana Leaf 1 lb",
    "price":2.29,
    "unit_price":"nan",
    "sales_count":200.0,
    "image_url":"https:\/\/img08.weeecdn.net\/product\/image\/738\/505\/511CBE9824911989.png!c560x560_q80.auto",
    "source_url":"https:\/\/www.sayweee.com\/en\/category\/green01\/Leafy-Vegetables?page=1&offset=0&filters=%7B%22catalogue_num%22%3A%22green01%22%7D&trigger_type=taxonomy_green01&filter_sub_category=green"
  },
  {
    "category":"veg",
    "product_name":"Iceberg Cello Lettuce 1 count",
    "price":3.79,
    "unit_price":"nan",
    "sales_count":1.0,
    "image_url":"https:\/\/img08.weeecdn.net\/item\/image\/164\/691\/728488EB09FCD11A.jpg!c560x560_q80.auto",
    "source_url":"https:\/\/www.sayweee.com\/en\/category\/green01\/Leafy-Vegetables?page=1&offset=0&filters=%7B%22catalogue_num%22%3A%22green01%22%7D&trigger_type=taxonomy_green01&filter_sub_category=green"
  },
  {
    "category":"veg",
    "product_name":"Red Cabbage 1 count",
    "price":2.79,
    "unit_price":"nan",
    "sales_count":900.0,
    "image_url":"https:\/\/img08.weeecdn.net\/product\/image\/572\/464\/E63A9AD3E5A46C0.png!c560x560_q80.auto",
    "source_url":"https:\/\/www.sayweee.com\/en\/category\/green01\/Leafy-Vegetables?page=1&offset=0&filters=%7B%22catalogue_num%22%3A%22green01%22%7D&trigger_type=taxonomy_green01&filter_sub_category=green"
  },
  {
    "category":"veg",
    "product_name":"Gai Choy Big 2.8-3.2 lb",
    "price":6.29,
    "unit_price":"$2.09\/lb",
    "sales_count":800.0,
    "image_url":"https:\/\/img08.weeecdn.net\/product\/image\/469\/530\/4BE790D393E503E2.png!c560x560_q80.auto",
    "source_url":"https:\/\/www.sayweee.com\/en\/category\/green01\/Leafy-Vegetables?page=1&offset=0&filters=%7B%22catalogue_num%22%3A%22green01%22%7D&trigger_type=taxonomy_green01&filter_sub_category=green"
  },
  {
    "category":"veg",
    "product_name":"White On Choy 1.5 lb",
    "price":8.49,
    "unit_price":"$5.66\/lb",
    "sales_count":600.0,
    "image_url":"https:\/\/img08.weeecdn.net\/item\/image\/760\/848\/538C387C3C27BC34.jpg!c560x560_q80.auto",
    "source_url":"https:\/\/www.sayweee.com\/en\/category\/green01\/Leafy-Vegetables?page=1&offset=0&filters=%7B%22catalogue_num%22%3A%22green01%22%7D&trigger_type=taxonomy_green01&filter_sub_category=green"
  },
  {
    "category":"veg",
    "product_name":"Ngo Om Rice Paddy Herbs 50 g",
    "price":0.99,
    "unit_price":"$9.00\/lb",
    "sales_count":1.0,
    "image_url":"https:\/\/img08.weeecdn.net\/item\/image\/010\/300\/1489195BD3603829.jpg!c560x560_q80.auto",
    "source_url":"https:\/\/www.sayweee.com\/en\/category\/green01\/Leafy-Vegetables?page=1&offset=0&filters=%7B%22catalogue_num%22%3A%22green01%22%7D&trigger_type=taxonomy_green01&filter_sub_category=green"
  },
  {
    "category":"veg",
    "product_name":"Korean Putbaechu 1 bunch",
    "price":0.79,
    "unit_price":"nan",
    "sales_count":1.0,
    "image_url":"https:\/\/img08.weeecdn.net\/product\/image\/657\/790\/5CC90F2B466FC7AA.jpeg!c560x560_q80.auto",
    "source_url":"https:\/\/www.sayweee.com\/en\/category\/green01\/Leafy-Vegetables?page=1&offset=0&filters=%7B%22catalogue_num%22%3A%22green01%22%7D&trigger_type=taxonomy_green01&filter_sub_category=green"
  },
  {
    "category":"veg",
    "product_name":"Small Gai Choy 1.95-2.05 lb",
    "price":4.29,
    "unit_price":"$2.14\/lb",
    "sales_count":800.0,
    "image_url":"https:\/\/img08.weeecdn.net\/item\/image\/276\/944\/7E29A8A5EDF8BAAA.jpg!c560x560_q80.auto",
    "source_url":"https:\/\/www.sayweee.com\/en\/category\/green01\/Leafy-Vegetables?page=1&offset=0&filters=%7B%22catalogue_num%22%3A%22green01%22%7D&trigger_type=taxonomy_green01&filter_sub_category=green"
  },
  {
    "category":"veg",
    "product_name":"Romaine Lettuce 1 count",
    "price":4.29,
    "unit_price":"nan",
    "sales_count":50.0,
    "image_url":"https:\/\/img08.weeecdn.net\/item\/image\/148\/984\/733BB67367D5C271.jpg!c560x560_q80.auto",
    "source_url":"https:\/\/www.sayweee.com\/en\/category\/green01\/Leafy-Vegetables?page=1&offset=0&filters=%7B%22catalogue_num%22%3A%22green01%22%7D&trigger_type=taxonomy_green01&filter_sub_category=green"
  },
  {
    "category":"veg",
    "product_name":"Organic Celery 1pc 1 bunch",
    "price":3.29,
    "unit_price":"nan",
    "sales_count":200.0,
    "image_url":"https:\/\/img08.weeecdn.net\/item\/image\/176\/966\/5429039ECBC62257.jpg!c560x560_q80.auto",
    "source_url":"https:\/\/www.sayweee.com\/en\/category\/green01\/Leafy-Vegetables?page=1&offset=0&filters=%7B%22catalogue_num%22%3A%22green01%22%7D&trigger_type=taxonomy_green01&filter_sub_category=green"
  },
  {
    "category":"veg",
    "product_name":"Organic Romaine hearts Lettuce 3ct 1 each",
    "price":7.49,
    "unit_price":"nan",
    "sales_count":100.0,
    "image_url":"https:\/\/img08.weeecdn.net\/product\/image\/895\/940\/13BCADDF663A996F.jpeg!c560x560_q80.auto",
    "source_url":"https:\/\/www.sayweee.com\/en\/category\/green01\/Leafy-Vegetables?page=1&offset=0&filters=%7B%22catalogue_num%22%3A%22green01%22%7D&trigger_type=taxonomy_green01&filter_sub_category=green"
  },
  {
    "category":"veg",
    "product_name":"Jumbo Romaine Hearts 3ct 1 each",
    "price":8.49,
    "unit_price":"nan",
    "sales_count":800.0,
    "image_url":"https:\/\/img08.weeecdn.net\/item\/image\/947\/027\/17F9EE0CE61A2D80.jpg!c560x560_q80.auto",
    "source_url":"https:\/\/www.sayweee.com\/en\/category\/green01\/Leafy-Vegetables?page=1&offset=0&filters=%7B%22catalogue_num%22%3A%22green01%22%7D&trigger_type=taxonomy_green01&filter_sub_category=green"
  },
  {
    "category":"veg",
    "product_name":"Taiwan Nayu 1.5 lb",
    "price":3.49,
    "unit_price":"$2.32\/lb",
    "sales_count":500.0,
    "image_url":"https:\/\/img08.weeecdn.net\/item\/image\/691\/529\/19FB154BD4FBA865.jpg!c560x560_q80.auto",
    "source_url":"https:\/\/www.sayweee.com\/en\/category\/green01\/Leafy-Vegetables?page=1&offset=0&filters=%7B%22catalogue_num%22%3A%22green01%22%7D&trigger_type=taxonomy_green01&filter_sub_category=green"
  },
  {
    "category":"veg",
    "product_name":"Chayote Leaf 1 lb",
    "price":10.49,
    "unit_price":"nan",
    "sales_count":500.0,
    "image_url":"https:\/\/img08.weeecdn.net\/item\/image\/354\/341\/65D6C43CE7EC1531.jpg!c560x560_q80.auto",
    "source_url":"https:\/\/www.sayweee.com\/en\/category\/green01\/Leafy-Vegetables?page=1&offset=0&filters=%7B%22catalogue_num%22%3A%22green01%22%7D&trigger_type=taxonomy_green01&filter_sub_category=green"
  },
  {
    "category":"veg",
    "product_name":"Red Swiss Chard 1 bunch",
    "price":3.29,
    "unit_price":"nan",
    "sales_count":null,
    "image_url":"https:\/\/img08.weeecdn.net\/product\/image\/026\/352\/6DB2A66940ED08FF.jpeg!c560x560_q80.auto",
    "source_url":"https:\/\/www.sayweee.com\/en\/category\/green01\/Leafy-Vegetables?page=1&offset=0&filters=%7B%22catalogue_num%22%3A%22green01%22%7D&trigger_type=taxonomy_green01&filter_sub_category=green"
  },
  {
    "category":"veg",
    "product_name":"Green Swiss Chard 1 bunch",
    "price":3.29,
    "unit_price":"nan",
    "sales_count":null,
    "image_url":"https:\/\/img08.weeecdn.net\/product\/image\/854\/624\/7C478C0CE505E2E8.png!c560x560_q80.auto",
    "source_url":"https:\/\/www.sayweee.com\/en\/category\/green01\/Leafy-Vegetables?page=1&offset=0&filters=%7B%22catalogue_num%22%3A%22green01%22%7D&trigger_type=taxonomy_green01&filter_sub_category=green"
  },
  {
    "category":"veg",
    "product_name":"Savoy Cabbage 1 each",
    "price":3.29,
    "unit_price":"nan",
    "sales_count":50.0,
    "image_url":"https:\/\/img08.weeecdn.net\/item\/image\/196\/794\/6A3B468CE6E5EA59.jpg!c560x560_q80.auto",
    "source_url":"https:\/\/www.sayweee.com\/en\/category\/green01\/Leafy-Vegetables?page=1&offset=0&filters=%7B%22catalogue_num%22%3A%22green01%22%7D&trigger_type=taxonomy_green01&filter_sub_category=green"
  },
  {
    "category":"veg",
    "product_name":"Organic Iceberg Lettuce 1 each",
    "price":4.29,
    "unit_price":"nan",
    "sales_count":200.0,
    "image_url":"https:\/\/img08.weeecdn.net\/item\/image\/859\/014\/2D5F6ED97E37DD13.jpg!c560x560_q80.auto",
    "source_url":"https:\/\/www.sayweee.com\/en\/category\/green01\/Leafy-Vegetables?page=1&offset=0&filters=%7B%22catalogue_num%22%3A%22green01%22%7D&trigger_type=taxonomy_green01&filter_sub_category=green"
  },
  {
    "category":"veg",
    "product_name":"Green Curly Kale 1 bunch",
    "price":3.29,
    "unit_price":"nan",
    "sales_count":1.0,
    "image_url":"https:\/\/img08.weeecdn.net\/product\/image\/147\/715\/37E23D1CE7A5022B.jpeg!c560x560_q80.auto",
    "source_url":"https:\/\/www.sayweee.com\/en\/category\/green01\/Leafy-Vegetables?page=1&offset=0&filters=%7B%22catalogue_num%22%3A%22green01%22%7D&trigger_type=taxonomy_green01&filter_sub_category=green"
  },
  {
    "category":"veg",
    "product_name":"Red Leaf Lettuce 1 each",
    "price":4.29,
    "unit_price":"nan",
    "sales_count":1.0,
    "image_url":"https:\/\/img08.weeecdn.net\/product\/image\/256\/121\/541880456366E620.jpeg!c560x560_q80.auto",
    "source_url":"https:\/\/www.sayweee.com\/en\/category\/green01\/Leafy-Vegetables?page=1&offset=0&filters=%7B%22catalogue_num%22%3A%22green01%22%7D&trigger_type=taxonomy_green01&filter_sub_category=green"
  },
  {
    "category":"veg",
    "product_name":"Yellow Chives 0.95-1.05 lb",
    "price":12.99,
    "unit_price":"nan",
    "sales_count":400.0,
    "image_url":"https:\/\/img08.weeecdn.net\/item\/image\/059\/899\/222D9EDCDD1B4D9E.jpg!c560x560_q80.auto",
    "source_url":"https:\/\/www.sayweee.com\/en\/category\/green01\/Leafy-Vegetables?page=1&offset=0&filters=%7B%22catalogue_num%22%3A%22green01%22%7D&trigger_type=taxonomy_green01&filter_sub_category=green"
  },
  {
    "category":"veg",
    "product_name":"Broccoli Rabe 1 bunch",
    "price":5.29,
    "unit_price":"nan",
    "sales_count":50.0,
    "image_url":"https:\/\/img08.weeecdn.net\/product\/image\/804\/923\/303350B5623C216A.png!c560x560_q80.auto",
    "source_url":"https:\/\/www.sayweee.com\/en\/category\/green01\/Leafy-Vegetables?page=1&offset=0&filters=%7B%22catalogue_num%22%3A%22green01%22%7D&trigger_type=taxonomy_green01&filter_sub_category=green"
  },
  {
    "category":"veg",
    "product_name":"Living Butter Lettuce 1 ct 1 each",
    "price":2.29,
    "unit_price":"nan",
    "sales_count":100.0,
    "image_url":"https:\/\/img08.weeecdn.net\/product\/image\/550\/594\/1CD043CE82BCA43D.png!c560x560_q80.auto",
    "source_url":"https:\/\/www.sayweee.com\/en\/category\/green01\/Leafy-Vegetables?page=1&offset=0&filters=%7B%22catalogue_num%22%3A%22green01%22%7D&trigger_type=taxonomy_green01&filter_sub_category=green"
  },
  {
    "category":"veg",
    "product_name":"Dandelion Green 1 bunch",
    "price":3.29,
    "unit_price":"nan",
    "sales_count":null,
    "image_url":"https:\/\/img08.weeecdn.net\/product\/image\/939\/719\/2E15B2C58BEA7B54.png!c560x560_q80.auto",
    "source_url":"https:\/\/www.sayweee.com\/en\/category\/green01\/Leafy-Vegetables?page=1&offset=0&filters=%7B%22catalogue_num%22%3A%22green01%22%7D&trigger_type=taxonomy_green01&filter_sub_category=green"
  },
  {
    "category":"veg",
    "product_name":"Mixed Lettuce 2 count",
    "price":3.29,
    "unit_price":"nan",
    "sales_count":50.0,
    "image_url":"https:\/\/img08.weeecdn.net\/product\/image\/418\/613\/3821DD9FF0E34E36.jpeg!c560x560_q80.auto",
    "source_url":"https:\/\/www.sayweee.com\/en\/category\/green01\/Leafy-Vegetables?page=1&offset=0&filters=%7B%22catalogue_num%22%3A%22green01%22%7D&trigger_type=taxonomy_green01&filter_sub_category=green"
  },
  {
    "category":"veg",
    "product_name":"Little Gem Lettuce 4 count",
    "price":6.29,
    "unit_price":"nan",
    "sales_count":null,
    "image_url":"https:\/\/img08.weeecdn.net\/product\/image\/748\/090\/2F5B7935CA9C3BFB.jpeg!c560x560_q80.auto",
    "source_url":"https:\/\/www.sayweee.com\/en\/category\/green01\/Leafy-Vegetables?page=1&offset=0&filters=%7B%22catalogue_num%22%3A%22green01%22%7D&trigger_type=taxonomy_green01&filter_sub_category=green"
  },
  {
    "category":"veg",
    "product_name":"Collard Greens 1 bunch",
    "price":2.79,
    "unit_price":"nan",
    "sales_count":null,
    "image_url":"https:\/\/img08.weeecdn.net\/product\/image\/978\/458\/18C5AFEAFC1F5FF1.png!c560x560_q80.auto",
    "source_url":"https:\/\/www.sayweee.com\/en\/category\/green01\/Leafy-Vegetables?page=1&offset=0&filters=%7B%22catalogue_num%22%3A%22green01%22%7D&trigger_type=taxonomy_green01&filter_sub_category=green"
  },
  {
    "category":"veg",
    "product_name":"Turnip Green 1 bunch",
    "price":2.79,
    "unit_price":"nan",
    "sales_count":null,
    "image_url":"https:\/\/img08.weeecdn.net\/product\/image\/015\/002\/5D818603AB6AA43.jpeg!c560x560_q80.auto",
    "source_url":"https:\/\/www.sayweee.com\/en\/category\/green01\/Leafy-Vegetables?page=1&offset=0&filters=%7B%22catalogue_num%22%3A%22green01%22%7D&trigger_type=taxonomy_green01&filter_sub_category=green"
  },
  {
    "category":"veg",
    "product_name":"Chinese Broccoli 2 lb",
    "price":8.49,
    "unit_price":"$4.24\/lb",
    "sales_count":700.0,
    "image_url":"https:\/\/img08.weeecdn.net\/product\/image\/896\/482\/1D6A77892C67C718.jpeg!c560x560_q80.auto",
    "source_url":"https:\/\/www.sayweee.com\/en\/category\/green01\/Leafy-Vegetables?page=1&offset=0&filters=%7B%22catalogue_num%22%3A%22green01%22%7D&trigger_type=taxonomy_green01&filter_sub_category=green"
  },
  {
    "category":"veg",
    "product_name":"Dap 1 bunch",
    "price":1.79,
    "unit_price":"nan",
    "sales_count":1.0,
    "image_url":"https:\/\/img08.weeecdn.net\/item\/image\/313\/296\/7011FA95E50BE45C.jpg!c560x560_q80.auto",
    "source_url":"https:\/\/www.sayweee.com\/en\/category\/green01\/Leafy-Vegetables?page=1&offset=0&filters=%7B%22catalogue_num%22%3A%22green01%22%7D&trigger_type=taxonomy_green01&filter_sub_category=green"
  }
]